% Additional references that do not fit into the blockchain.bib

% \usepackage{url}
% Add this to your main .tex file
% so that URLs with special chars
% are handled correclty in misc 
% entries using work arounds like
%  howhpublished= 
%  note=`

@article{dagstuhl,
author = {{Moshe Y.} Vardi},
title = {Where Have All the Workshops Gone?},
journal = {Communications of the ACM (CACM)},
volume={54},
  number={1},
  pages={5},
  year={2011},
  publisher={ACM},
note = {http://doi.acm.org/10.1145/1866739.1866740}
}

@book{schneier2018click,
  title={Click Here to Kill Everybody: Security and Survival in a Hyper-connected World},
  author={Schneier, B.},
  isbn={9780393608892},
  url={https://books.google.at/books?id=BGZSDwAAQBAJ},
  year={2018},
  publisher={W. W. Norton}
}


@INPROCEEDINGS{stifter2019:echoesOfThePast,
	author = {Nicholas Stifter and Philipp Schindler and Aljosha Judmayer and Alexei Zamyatin and Andreas Kern and {Edgar} Weippl },
	title = { Echoes of the Past: Recovering Blockchain Metrics From Merged Mining}, 
        booktitle = {Proceedings of Financial Cryptography},
        year = {2019},
        month = {},
	address = {},		
	publisher = {},
	note = {},
	pdf = {.pdf},
	reviews = {
},
}



@INPROCEEDINGS{judmayer2017:mergedMining,
	author = { Aljosha Judmayer and Alexei Zamyatin and Nicholas Stifter and Artemios Voyiatzis and Edgar Weippl },
	title = { Merged Mining: Curse or Cure?}, 
	booktitle = {International Workshop on Cryptocurrencies and Blockchain Technology (CBT'17) at ESORICS},
	year = {2017},
	address = {},		
	month = Sep,
	publisher = {},
	note = {},
	pdf = {cv_proceedings_283_2017_mergedMining.pdf},
	reviews = {
},
}

@book{zuboff2019:surveillanceCapitalism,
title = {The Age of Surveillance Capitalism},
author  = {Shoshana Zuboff},
year  = {2019},
publisher  = {Profile Books},
}

Title               : 
Title sort          : Age of Surveillance Capitalism, The
Author(s)           :  [Zuboff, Shoshana]
Publisher           : Profile
Languages           : eng
Timestamp           : 2019-05-07T13:00:18+00:00
Published           : 2019-01-30T23:00:00+00:00
Identifiers         : mobi-asin:B01N7UERGX

%REF Citation attributed to lord melbourne by bagehot, However sidenoted that this is not certain.
@book{bagehot1900english,
	title={The english constitution},
	author={Bagehot, Walter},
	volume={3},
	year={1900},
	publisher={Kegan Paul, Trench, Tr{\"u}bner}
}

@misc{charron2004uniform,
  title={Uniform consensus is harder than consensus},
  author={Charron-Bost, Bernadette and Schiper, Andr{\'e}},
  journal={Journal of Algorithms},
  volume={51},
  number={1},
  pages={15--37},
  year={2004},
  publisher={Elsevier},
  url={https://courses.csail.mit.edu/6.897/fall04/papers/Schiper/uniform-harder.pdf}
}

@inproceedings{delporte2008finite,
  title={With Finite Memory Consensus Is Easier Than Reliable Broadcast},
  author={Delporte-Gallet, Carole and Devismes, St{\'e}phane and Fauconnier, Hugues and Petit, Franck and Toueg, Sam},
  booktitle={International Conference On Principles Of Distributed Systems},
  pages={41--57},
  year={2008},
  organization={Springer},
  url={http://www-verimag.imag.fr/~devismes/WWW/rapports/opodis08.pdf}
}

% considers connectivity requirements for consensus
@inproceedings{dolev1981unanimity,
  title={Unanimity in an Unknown and Unreliable Environment},
  author={Dolev, Danny},
  booktitle={Foundations of Computer Science, 1981. SFCS'81. 22nd Annual Symposium on},
  pages={159--168},
  year={1981},
  organization={IEEE},
  url={http://w3.cs.huji.ac.il/~dolev/pubs/unanimity-1981.pdf}
}

% considers connectivity requirements for (byzantine) consensus, appears to be further work of dolvev1981unanimity in light of byzantine failures
@inproceedings{dolev1982byzantine,
  title={The Byzantine generals strike again},
  author={Dolev, Danny},
  journal={Journal of algorithms},
  volume={3},
  number={1},
  pages={14--30},
  year={1982},
  publisher={Elsevier},
  url={http://i.stanford.edu/pub/cstr/reports/cs/tr/81/846/CS-TR-81-846.pdf}
}

% Definition of dynamic distributed system vs static
@inproceedings{baldoni2007looking,
  title={Looking for a definition of dynamic distributed systems},
  author={Baldoni, Roberto and Bertier, Marin and Raynal, Michel and Tucci-Piergiovanni, Sara},
  booktitle={International Conference on Parallel Computing Technologies},
  pages={1--14},
  year={2007},
  organization={Springer},
  url={http://www.dis.uniroma1.it/tucci/Research_files/Pact07.pdf}
}

% shows that consensus in async system is impossible for n <= 2f in fail stop and n <= 3f in byzantine 
@inproceedings{bracha1983resilient,
  title={Resilient consensus protocols},
  author={Bracha, Gabriel and Toueg, Sam},
  booktitle={Proceedings of the second annual ACM symposium on Principles of distributed computing},
  pages={12--26},
  year={1983},
  organization={ACM}
}

% Rabin's algorithm relies on Shamir's shared secret
@inproceedings{shamir1979share,
  title={How to share a secret},
  author={Shamir, Adi},
  journal={Communications of the ACM},
  volume={22},
  number={11},
  pages={612--613},
  year={1979},
  publisher={ACM},
  url={http://groups.csail.mit.edu/cis/crypto/classes/6.857/papers/secret-shamir.pdf}
}

@misc{szabo2002collectibles,
title={Shelling Out: The Origins of Money },
author={Szabo, Nick},
year={2002},
url={http://nakamotoinstitute.org/shelling-out/}
}

%Asynchronous Verifiable Secret Sharing to improve on global coin shared randomness
@inproceedings{canetti1993fast,
  title={Fast asynchronous Byzantine agreement with optimal resilience},
  author={Canetti, Ran and Rabin, Tal},
  booktitle={Proceedings of the twenty-fifth annual ACM symposium on Theory of computing},
  pages={42--51},
  year={1993},
  organization={ACM},
  url={http://www.net.t-labs.tu-berlin.de/~petr/FDC-07/papers/CR93.pdf}
}

%Survey on asynchronous byzantine consensus
@inproceedings{correia2011byzantine,
  title={Byzantine consensus in asynchronous message-passing systems: a survey},
  author={Correia, Miguel and Veronese, Giuliana Santos and Neves, Nuno Ferreira and Verissimo, Paulo},
  journal={International Journal of Critical Computer-Based Systems},
  volume={2},
  number={2},
  pages={141--161},
  year={2011},
  publisher={Inderscience Publishers},
  url={http://www.di.fc.ul.pt/~nuno/PAPERS/IJCCBS11.pdf}
}

% Muteness failure detectors / failure detectors for byzantine failures
@inproceedings{doudou2002encapsulating,
  title={Encapsulating failure detection: From crash to byzantine failures},
  author={Doudou, Assia and Garbinato, Beno{\^\i}t and Guerraoui, Rachid},
  booktitle={International Conference on Reliable Software Technologies},
  pages={24--50},
  year={2002},
  organization={Springer},
  url={http://citeseerx.ist.psu.edu/viewdoc/download?doi=10.1.1.126.7810&rep=rep1&type=pdf}
}

% Introduction of the concept of wormholes in distributed systems
@inproceedings{verissimo2003uncertainty,
  title={Uncertainty and predictability: Can they be reconciled?},
  author={Ver{\'\i}ssimo, Paulo},
  booktitle={Future Directions in Distributed Computing},
  pages={108--113},
  year={2003},
  publisher={Springer},
  url={http://www.navigators.di.fc.ul.pt/archive/verissimo-wormholes-fudico-book-03.pdf}
}

% practical comparison between randomized byzantine consensus protocols
@inproceedings{moniz2006experimental,
  title={Experimental comparison of local and shared coin randomized consensus protocols},
  author={Moniz, Henrique and Neves, Nuno Ferreira and Correia, Miguel and Verissimo, Paulo},
  booktitle={2006 25th IEEE Symposium on Reliable Distributed Systems (SRDS'06)},
  pages={235--244},
  year={2006},
  organization={IEEE},
  url={http://lasige.di.fc.ul.pt/~hmoniz/Publications/moniz06comparison.pdf}
}

@inproceedings{mostefaoui1999solving,
  title={Solving consensus using Chandra-Touegâ€™s unreliable failure detectors: A general quorum-based approach},
  author={Most{\'e}faoui, Achour and Raynal, Michel},
  booktitle={International Symposium on Distributed Computing},
  pages={49--63},
  year={1999},
  organization={Springer},
  url={http://www.academia.edu/download/43265619/Solving_Consensus_Using_Chandra-Touegs_U20160302-7612-ncjvoj.pdf}
}

% virtual synchrony in group membership
@inproceedings{birman1987exploiting,
  title={Exploiting virtual synchrony in distributed systems},
  author={Birman, Ken and Joseph, Thomas},
  volume={21},
  number={5},
  year={1987},
  publisher={ACM},
  url={http://ntrs.nasa.gov/archive/nasa/casi.ntrs.nasa.gov/19900012239.pdf}
}

%Rampart group membership system with some BFT (not in the group membership part)
@inproceedings{reiter1996secure,
  title={A Secure Group Membership Protocol},
  author={Reiter, Michael K},
  journal={IEEE TRANSACTIONS ON SOFTWARE ENGINEERING},
  volume={22},
  number={1},
  pages={31},
  year={1996},
  url={http://cs.unc.edu/~reiter/papers/1996/TSE-1.pdf}
}

% Improved BFT protocol over PBFT
@inproceedings{kotla2007zyzzyva,
  title={Zyzzyva: speculative byzantine fault tolerance},
  author={Kotla, Ramakrishna and Alvisi, Lorenzo and Dahlin, Mike and Clement, Allen and Wong, Edmund},
  booktitle={ACM SIGOPS Operating Systems Review},
  volume={41},
  number={6},
  pages={45--58},
  year={2007},
  organization={ACM},
  url={http://read-new.seas.harvard.edu/~kohler/class/08w-dsi/kotla07zyzzyva.pdf}
}

% consensus and wait-free synchronized shared objects
@inproceedings{herlihy1991wait,
  title={Wait-free synchronization},
  author={Herlihy, Maurice},
  journal={ACM Transactions on Programming Languages and Systems (TOPLAS)},
  volume={13},
  number={1},
  pages={124--149},
  year={1991},
  publisher={ACM},
  url={http://www.diku.dk/OLD/undervisning/2005f/dat-os/skrifter/lockfree.pdf}
}

@inproceedings{cristian1991understanding,
  title={Understanding fault-tolerant distributed systems},
  author={Cristian, Flavin},
  journal={Communications of the ACM},
  volume={34},
  number={2},
  pages={56--78},
  year={1991},
  publisher={ACM},
  url={http://www-usr.inf.ufsm.br/~ceretta/papers/cristian93understanding.pdf}
}

%Byzantine Failure detector
@inproceedings{malkhi1997unreliable,
  title={Unreliable intrusion detection in distributed computations},
  author={Malkhi, Dahlia and Reiter, Michael},
  booktitle={Computer Security Foundations Workshop, 1997. Proceedings., 10th},
  pages={116--124},
  year={1997},
  organization={IEEE},
  url={http://citeseerx.ist.psu.edu/viewdoc/download?doi=10.1.1.33.3806&rep=rep1&type=pdf}
}

%Byz failure detectors cant detect all failures
@inproceedings{kihlstrom2003byzantine,
  title={Byzantine fault detectors for solving consensus},
  author={Kihlstrom, Kim Potter and Moser, Louise E and Melliar-Smith, P Michael},
  journal={The Computer Journal},
  volume={46},
  number={1},
  pages={16--35},
  year={2003},
  publisher={Br Computer Soc},
  url={http://homepage.westmont.edu/kimkihls/wilkesAward.pdf}
}

@misc{ricciardi1992group,
  title={The group membership problem in asynchronous systems},
  author={Ricciardi, Aleta M},
  year={1992},
  institution={Cornell University},
  url={https://ecommons.cornell.edu/bitstream/handle/1813/6139/92-1313.ps?sequence=2}
}

@misc{ban1998design,
  title={Design and implementation of a reliable group communication toolkit for java},
  author={Ban, Bela},
  journal={Cornell University},
  year={1998},
  publisher={Citeseer},
  url={http://citeseerx.ist.psu.edu/viewdoc/download?doi=10.1.1.22.3794&rep=rep1&type=pdf}
}

@inproceedings{miranda2001appia,
  title={Appia, a flexible protocol kernel supporting multiple coordinated channels},
  author={Miranda, Hugo and Pinto, Alexandre and Rodrigues, Lu{\i}s},
  booktitle={Distributed Computing Systems, 2001. 21st International Conference on.},
  pages={707--710},
  year={2001},
  organization={IEEE},
  url={https://pdfs.semanticscholar.org/69d3/e947597783519dc1a2582315b73ae04ed65e.pdf}
}

@techreport{amir1998spread,
  title={The spread wide area group communication system},
  author={Amir, Yair and Stanton, Jonathan},
  year={1998},
  institution={TR CNDS-98-4, The Center for Networking and Distributed Systems, The Johns Hopkins University},
  url={http://www.ics.uci.edu/~cs230/reading/spread.pdf}
}

@article{gartner1999fundamentals,
  title={Fundamentals of fault-tolerant distributed computing in asynchronous environments},
  author={G{\"a}rtner, Felix C},
  journal={ACM Computing Surveys (CSUR)},
  volume={31},
  number={1},
  pages={1--26},
  year={1999},
  publisher={ACM},
  url={http://www.cs.nyu.edu/courses/fall00/G22.2631-001/survey.pdf}
}

@article{kihlstrom2001securering,
  title={The SecureRing group communication system},
  author={Kihlstrom, Kim Potter and Moser, Louise E and Melliar-Smith, P Michael},
  journal={ACM Transactions on Information and System Security (TISSEC)},
  volume={4},
  number={4},
  pages={371--406},
  year={2001},
  publisher={ACM},
  url={http://homepage.westmont.edu/kimkihls/tissec01.pdf}
}

}

