@book{UNSERBUCH,
author = {Aljosha Judmayer and Nicholas Stifter and Katharina Krombholz and Edgar Weippl}, 
title = {Blocks and Chains: Introduction to Bitcoin, Cryptocurrencies and their Consensus Mechanisms}, 
publisher = {Morgan \& Claypool Publishers}, 
year = {2017},
series = {Synthesis Lectures},
}


% eprint/preprint blockchain bibliography

% \usepackage{url}
% Add this to your main .tex file
% so that URLs with special chars
% are handled correclty in misc 
% entries using work arounds like
%  howhpublished= 
%  note=`


% < 2008

@misc{dai1998bmoney,
  title         = {bmoney},
  author        = {Dai, Wei},
  year          = {1998},
  howpublished  = {\url{http://www.weidai.com/bmoney.txt}},
  note 			= {Accessed: 2016-04-31},
  url			= {http://www.weidai.com/bmoney.txt}
}

@misc{back2002hashcash,
  title         = {Hashcash-a denial of service counter-measure},
  author        = {Back, Adam and others},
  year          = {2002},
  howpublished  = {\url{http://www.hashcash.org/papers/hashcash.pdf}},
  note 			= {Accessed: 2016-03-09},
  url			= {http://www.hashcash.org/papers/hashcash.pdf}
}

% url			= {http://archive.is/i0OYc}
@misc{szabo2003advances,
  title         = {Advances in Distributed Security},
  author        = {Szabo, Nick},
  year          = {2003},
  howpublished  = {\url{http://szabo.best.vwh.net/distributed.html}},
  note 			= {Accessed: 2016-04-31},
}

@misc{finney2004rpow,
  title         = {Reusable Proofs of Work (RPOW)},
  author        = {Finney, Hal},
  year          = {2004},
  howpublished  = {\url{http://web.archive.org/web/20071222072154/http://rpow.net/}},
  note 			= {Accessed: 2016-04-31},
  url			= {http://web.archive.org/web/20071222072154/http://rpow.net/}
}

@misc{szabo2005bitgold,
  title         = {Bit gold},
  author        = {Szabo, Nick},
  year          = {2005},
  howpublished  = {\url{http://unenumerated.blogspot.co.at/2005/12/bit-gold.html}},
  note 			= {Accessed: 2016-04-31},
  url			= {http://unenumerated.blogspot.co.at/2005/12/bit-gold.html}
}


% 2008

@misc{nakamoto2008bitcoin,
  author        = {Nakamoto, Satoshi},
  title         = {Bitcoin: A Peer-to-Peer Electronic Cash System},
  year          = {2008},
  month	        = {Dec},
  howpublished  = {\url{https://bitcoin.org/bitcoin.pdf}},
  note          = {Accessed: 2015-07-01},
  url			= {https://bitcoin.org/bitcoin.pdf}
}

% 2009

@misc{percival2009scrypt,
  title			= {Stronger key derivation via sequential memory-hard functions},
  author		= {Percival, Colin},
  year			= {2009},
  howpublished  = {\url{http://www.bsdcan.org/2009/schedule/attachments/87_scrypt.pdf}},
  note			= {Accessed: 2016-03-09},
  url 			= {http://www.bsdcan.org/2009/schedule/attachments/87_scrypt.pdf}
}

@phdthesis{golze2009fairness,
  title			= {Fairness in \"{U}berlastsituationen mittels Proof-of-Work-Funktionen.},
  author		= {Golze, Sebastian},
  year			= {2009},
  school		= {Berlin Institute of Technology},
  howpublished	= {\url{https://depositonce.tu-berlin.de/bitstream/11303/2499/2/Dokument_41.pdf}},
  note			= {Accessed: 2016-03-09},
  url 			= {https://depositonce.tu-berlin.de/bitstream/11303/2499/2/Dokument_41.pdf}
}

% 2010
% 2011

@misc{schwarz2011zooko,
  author        = {Aaron Schwarz},
  title         = {{Squaring the Triangle: Secure, Decentralized, Human-Readable Names}},
  year          = {2011},
  month         = {Jan},
  howpublished  = {\url{http://www.aaronsw.com/weblog/squarezooko}},
  note          = {Accessed 2014-11-14},
  url           = {http://www.aaronsw.com/weblog/squarezooko}
}

@misc{laurie2011decentralised,
  title         = {Decentralised currencies are probably impossible (but let's at least make them efficient)},
  author        = {Laurie, Ben},
  year          = {2011},
  howpublished  = {\url{http://w.fipr.org/files/decentralised-currencies.pdf}},
  note          = {Accessed 2016-09-02},
  url           = {http://w.fipr.org/files/decentralised-currencies.pdf}
}

% 2012

@misc{rosenfeld2012overview,
  title			= {Overview of colored coins},
  author		= {Rosenfeld, Meni},
  journal		= {White paper, bitcoil. co. il},
  year			= {2012},
  howpublished	= {\url{https://bitcoil.co.il/BitcoinX.pdf}},
  note			= {Accessed: 2016-03-09},
  url			= {https://bitcoil.co.il/BitcoinX.pdf}
}

@misc{ron2012quantitative,
  author 		= {D. Ron and A. Shamir},
  title 		= {Quantitative Analysis of the Full Bitcoin Transaction Graph},
  publisher 	= {Cryptology ePrint Archive, Report 2012/584},
  year 			= {2012},
  howpublished 	= {\url{https://eprint.iacr.org/2012/584.pdf}},
  note			= {Accessed: 2016-03-09},
  url			= {https://eprint.iacr.org/2012/584.pdf}
}

@misc{taylor2012bitmessage,
  author        = {M. B. Taylor},
  title         = {Bitmessage: A Peer-to-Peer Message Authentication and Delivery System},
  year          = {2012},
  month         = {nov},
  howpublished  = {\url{https://bitmessage.org/bitmessage.pdf}},
  note          = {Accessed: 2015-05-06},
  url           = {https://bitmessage.org/bitmessage.pdf}
}

@MastersThesis{herrmann2012implementation,
  title={Implementation, evaluation and detection of a doublespend-attack on Bitcoin},
  author={Herrmann, Matthias},
  year={2012},
  month={Apr},
  school={Master Thesis ETH Z{\"u}rich, 2012},
  url={http://e-collection.library.ethz.ch/eserv/eth:5606/eth-5606-01.pdf?pid=eth:5606&dsID=eth-5606-01.pdf}
}

% 2014

@article{sompolinsky2013accelerating,
  author 		= {Sompolinsky, Yonatan and Zohar, Aviv},
  title 		= {Accelerating Bitcoin's Transaction Processing. Fast Money Grows on Trees, Not Chains},
  journal 		= {IACR Cryptology ePrint Archive},
  year 			= {2013},
  pages 		= {881},
  url 			= {http://eprint.iacr.org/2013/881}
}

@misc{sun2014solving,
  title         = {Solving Byzantine Problems in Synchronized Systems using Bitcoin},
  author        = {Sun, Felix and Duan, Peitong},
  year          = {2014},
  howpublished  = {\url{http://web.mit.edu/felixsun/www/projects/bitcoin.pdf}},
  note          = {Accessed: 2016-09-02},
  url           = {http://web.mit.edu/felixsun/www/projects/bitcoin.pdf}

}

% 2014

@misc{rosenfeld2014doublespending,
  author        = {M. Rosenfeld},
  title         = {Analysis of Hashrate-Based Double Spending},
  journal       = {CoRR},
  volume        = {abs/1402.2009},
  year          = {2014},
  howpublished  = {\url{http://arxiv.org/abs/1402.2009}},
  note			= {Accessed: 2016-03-09},
  url			= {http://arxiv.org/abs/1402.2009}
}

%fromknecht2014certcoin
@article{fromknecht2014decentralized,
  title			= {A Decentralized Public Key Infrastructure with Identity Retention.},
  author		= {Fromknecht, Conner and Velicanu, Dragos and Yakoubov, Sophia},
  journal		= {IACR Cryptology ePrint Archive},
  volume		= {2014},
  pages			= {803},
  year			= {2014},
  url			= {https://eprint.iacr.org/2014/803.pdf}
}

%bentov2014withoutpow
@misc{bentov2014cryptocurrencies,
  title			= {Cryptocurrencies without proof of work},
  author		= {Bentov, Iddo and Gabizon, Ariel and Mizrahi, Alex},
  journal		= {arXiv preprint arXiv:1406.5694},
  year			= {2014},
  howpublished	= {\url{http://arxiv.org/pdf/1406.5694.pdf}},
  note			= {Accessed: 2016-03-09},
  url 			= {http://arxiv.org/pdf/1406.5694.pdf}
}

%laviola2014anonymous
@misc{miller2014anonymous,
  title			= {Anonymous byzantine consensus from moderately-hard puzzles: A model for bitcoin},
  author		= {Miller, A and LaViola JJ},
  year			= {2014},
  howpublished	= {\url{https://socrates1024.s3.amazonaws.com/consensus.pdf}},
  note			= {Accessed: 2016-03-09},
  url 			= {https://socrates1024.s3.amazonaws.com/consensus.pdf}
}

@misc{bruce2014miniblock,
  author        = {J. D. Bruce},
  title         = {The Mini-Blockchain Scheme (a.k.a Purely P2P Crypto-Currency With Finite   Mini-Blockchain)},
  year          = {2014},
  month         = {Jul},
  howpublished  = {\url{http://cryptonite.info/files/mbc-scheme-rev2.pdf}},
  note          = {Accessed: 2014-04-05},
  url           = {http://cryptonite.info/files/mbc-scheme-rev2.pdf}
}

@misc{jacobs2014namecoin,
  author        = {F. Jacobs},
  title         = {Providing better confidentiality and authentication on the Internet using  Namecoin and MinimaLT},
  year          = {2014},
  month         = {apr},
  howpublished  = {\url{https://raw.githubusercontent.com/FredericJacobs/safeweb/master/paper.pdf}},
  note          = {Accessed: 2014-04-02},
  url           = {https://raw.githubusercontent.com/FredericJacobs/safeweb/master/paper.pdf}
}

@misc{filecoin2014filecoin,
  author        = {Filecoin community},
  title         = {Filecoin: A Cryptocurrency Operated File Storage Network},
  organization  = {filecoin.io},
  year          = {2014},
  month         = {Oct},
  howpublished  = {\url{http://filecoin.io/filecoin.pdf}},
  note          = {Accessed: 2014-10-14},
  url           = {http://filecoin.io/filecoin.pdf}
}

@misc{back2014enabling,
  title         = {Enabling blockchain innovations with pegged sidechains},
  author        = {Back, Adam and Corallo, Matt and Dashjr, Luke and Friedenbach, Mark and Maxwell, Gregory and Miller, Andrew and Poelstra, Andrew and Tim{\'o}n, Jorge and Wuille, Pieter},
  year          = {2014},
  howpublished  = {\url{http://newspaper23.com/ripped/2014/11/http-_____-___-_www___-blockstream___-com__-_sidechains.pdf}},
  note          = {Accessed: 2016-07-05},
  url           = {http://newspaper23.com/ripped/2014/11/http-_____-___-_www___-blockstream___-com__-_sidechains.pdf}
}

@misc{beukema2014formalising,
  title         = {Formalising the Bitcoin protocol},
  author        = {Beukema, WJB},
  year          = {2014},
  howpublished  = {\url{http://referaat.cs.utwente.nl/conference/21/paper/7450/formalising-the-bitcoin-protocol.pdf}},
  note          = {Accessed: 2016-08-01},
  url           = {http://referaat.cs.utwente.nl/conference/21/paper/7450/formalising-the-bitcoin-protocol.pdf}
}

@misc{schwartz2014ripple,
  title         = {The Ripple protocol consensus algorithm},
  author        = {Schwartz, David and Youngs, Noah and Britto, Arthur},
  journal       = {Ripple Labs Inc White Paper},
  year          = {2014},
  howpublished  = {\url{https://ripple.com/files/ripple_consensus_whitepaper.pdf}},
  note          = {Accessed: 2016-08-08},
  url           = {https://ripple.com/files/ripple_consensus_whitepaper.pdf}
}

@misc{buterin2014ethereum,
  title         = {Ethereum: A next-generation smart contract and decentralized application platform},
  author        = {Buterin, Vitalik},
  year          = {2014},
  howpublished  = {\url{https://github.com/ethereum/wiki/wiki/White-Paper}},
  note          = {Accessed: 2016-08-22},
  url           = {https://github.com/ethereum/wiki/wiki/White-Paper}
}

@misc{wood2014ethereum,
  title         = {Ethereum: A secure decentralised generalised transaction ledger},
  author        = {Wood, Gavin},
  journal       = {Ethereum Project Yellow Paper},
  year          = {2014},
  howpublished  = {\url{http://bitcoinaffiliatelist.com/wp-content/uploads/ethereum.pdf}},
  note          = {Accessed: 2016-08-22},
  url           = {http://bitcoinaffiliatelist.com/wp-content/uploads/ethereum.pdf}
}

@misc{shomer2014phase,
  title		= {On the Phase Space of Block-Hiding Strategies in Bitcoin-like networks},
  author	= {Shomer, Assaf},
  journal	= {arXiv preprint arXiv:1402.4233},
  year		= {2014},
  month		= {Feb},
  howpublished  = {\url{https://arxiv.org/pdf/1402.4233v1.pdf}},
  note		= {Accessed: 2016-10-17},
  url		= {https://arxiv.org/pdf/1402.4233v1.pdf}

}

% 2015

@misc{miller2015topology,
  title         = {Discovering bitcoin's public topology and influential nodes},
  author        = {Miller, Andrew and Litton, James and Pachulski, Andrew and Gupta, Neal and Levin, Dave and Spring, Neil and Bhattacharjee, Bobby},
  year          = {2015},
  month         = {May},
  howpublished  = {\url{http://cs.umd.edu/projects/coinscope/coinscope.pdf}},
  note			= {Accsessed: 2016-03-09},
  url 			= {http://cs.umd.edu/projects/coinscope/coinscope.pdf}
}

@misc{bonneau2015random,
  title         = {On Bitcoin as a public randomness source},
  author        = {Bonneau, Joseph and Clark, Jeremy and Goldfeder, Steven},
  year			= {2015},
  howpublished  = {\url{https://eprint.iacr.org/2015/1015.pdf}},
  note          = {Accessed: 2015-10-25},
  url 		  	= {https://eprint.iacr.org/2015/1015.pdf}
}

@misc{goldfeder2015threshold,
  author      	= {Steven Goldfeder and Rosario Gennaro and Harry Kalodner and Joseph Bonneau and Joshua Kroll and Edward W. Felten and Arvind Narayanan},
  title       	= {{Securing Bitcoin wallets via a new DSA/ECDSA threshold signature scheme}},
  year        	= {2015},
  howpublished	= {\url{http://www.cs.princeton.edu/~stevenag/threshold_sigs.pdf}},
  note        	= {Accessed: 2015-07-13},
  url 		  	= {http://www.cs.princeton.edu/~stevenag/threshold_sigs.pdf}
}

@misc{gobel2015simulation,
  title		  	= {Bitcoin Blockchain Dynamics: the Selfish-Mine Strategy in the Presence of Propagation Delay},
  author	  	= {G{\"o}bel, Johannes and Keeler, Paul and Krzesinski, Anthony E and Taylor, Peter G},
  journal	  	= {arXiv preprint arXiv:1505.05343},
  year		  	= {2015},
  howpublished	= {\url{http://arxiv.org/pdf/1505.05343.pdf}},
  note			= {Accessed: 2015-03-01},
  url 			= {http://arxiv.org/pdf/1505.05343.pdf}
}

@misc{chaudhary2015modeling,
  title         = {Modeling and verification of the bitcoin protocol},
  author        = {Chaudhary, Kaylash and Fehnker, Ansgar and van de Pol, Jaco and Stoelinga, Marielle},
  journal       = {arXiv preprint arXiv:1511.04173},
  year          = {2015},
  howpublished	= {\url{http://arxiv.org/pdf/1511.04173.pdf}},
  note			= {Accessed: 2016-08-01},
  url 			= {http://arxiv.org/pdf/1511.04173.pdf}
}

@misc{mazieres2015modeling,
  title         = {The Stellar Consensus Protocol: A Federated Model for Internet-level Consensus},
  author        = {Mazieres, David},
  year          = {2015},
  howpublished	= {\url{https://www.stellar.org/papers/stellar-consensus-protocol.pdf}},
  note			= {Accessed: 2016-08-01},
  url 			= {https://www.stellar.org/papers/stellar-consensus-protocol.pdf}
}

@misc{luu2015scp,
  title         = {SCP: a computationally-scalable Byzantine consensus protocol for blockchains},
  author        = {Luu, Loi and Narayanan, Viswesh and Baweja, Kunal and Zheng, Chaodong and Gilbert, Seth and Saxena, Prateek},
  year          = {2015},
  howpublished  = {\url{https://www.weusecoins.com/assets/pdf/library/SCP -  A Computationally-Scalable Byzantine.pdf}},  
  note          = {Accessed: 2016-08-10},
  url           = {https://www.weusecoins.com/assets/pdf/library/SCP - +A Computationally-Scalable Byzantine.pdf}
}

@misc{delmolino2015step,
  title         = {Step by Step Towards Creating a Safe Smart Contract: Lessons and Insights from a Cryptocurrency Lab.},
  author        = {Delmolino, Kevin and Arnett, Mitchell and Kosba, Ahmed E and Miller, Andrew and Shi, Elaine},
  journal       = {IACR Cryptology ePrint Archive},
  year          = {2015},
  howpublished  = {\url{http://eprint.iacr.org/2015/460.pdf}},  
  note          = {Accessed: 2016-08-10},
  url           = {http://eprint.iacr.org/2015/460.pdf}
}

@misc{sapirshtein2015optimal,
  title         = {Optimal selfish mining strategies in Bitcoin},
  author        = {Sapirshtein, Ayelet and Sompolinsky, Yonatan and Zohar, Aviv},
  journal       = {arXiv preprint arXiv:1507.06183},
  year          = {2015},
  howpublished  = {\url{http://arxiv.org/pdf/1507.06183.pdf}},
  note          = {Accessed: 2016-08-22},
  url 			= {http://arxiv.org/pdf/1507.06183.pdf}
}

@article{kiayias2015speed,
  title		={Speed-Security Tradeoff s in Blockchain Protocols},
  author	={Kiayias, Aggelos and Panagiotakos, Giorgos},
  year		={2015},
  month		={Oct},
  howpublished  = {\url{https://eprint.iacr.org/2015/1019.pdf}},
  note          = {Accessed: 2016-10-17},
  url={https://eprint.iacr.org/2015/1019.pdf}
}

% 2016

@misc{ali2016blockstack,
  title			= {Blockstack: Design and Implementation of a Global Naming System with Blockchains},
  author		= {Ali, Muneeb and Nelson, Jude and Shea, Ryan and Freedman, Michael J},
  year			= {2016},
  howpublished	= {\url{http://www.the-blockchain.com/docs/Blockstack Design and Implementation of a Global Naming System.pdf}},
  note			= {Accessed: 2016-03-29},
  url 			= {http://www.the-blockchain.com/docs/Blockstack Design and Implementation of a Global Naming System.pdf}
}

@misc{narayanan2016bitcoin,
  title         = {Bitcoin and Cryptocurrency Technologies},
  author        = {{Narayanan, Arvind and Bonneau, Joseph and Felten, Edward and Miller, Andrew and Goldfeder, Steven}},
  year={2016},
  booktitle     = {Bitcoin and Cryptocurrency Technologies},
  note          = {Accessed: 2016-03-29},
 howpublished  = {\url{https://d28rh4a8wq0iu5.cloudfront.net/bitcointech/readings/princeton_bitcoin_book.pdf?a=1}},
  url 			= {https://d28rh4a8wq0iu5.cloudfront.net/bitcointech/readings/princeton_bitcoin_book.pdf?a=1}
}

@misc{judmayer2016c4,
  author        = {Judmayer, Aljosha and Edgar Weippl},
  title         = {Cryptographic Currencies Crash Course (C4)},
  journal		= {Tutorial at WWW2016},
  year          = {2016},
  month         = {Apr},
  howpublished  = {\url{http://www2016.net/proceedings/companion/p1021.pdf}},
  note          = {Accessed: 2016-06-06},
  url           = {http://www2016.net/proceedings/companion/p1021.pdf}
}

@misc{bentov2016bitcoin,
  title         = {Bitcoin Beacon},
  author        = {Bentov, Iddo and Gabizon, Ariel and Zuckerman, David},
  journal		= {arXiv prepring arXiv:1605.04559},
  year			= {2016},
  howpublished  = {\url{https://arxiv.org/pdf/1605.04559v2}},
  note          = {Accessed: 2016-06-06},
  url 			= {https://arxiv.org/pdf/1605.04559v2}
}

@misc{sompolinsky2016bitcoin,
  title         = {Bitcoin's Security Model Revisited},
  author        = {Sompolinsky, Yonatan and Zohar, Aviv},
  journal       = {arXiv preprint arXiv:1605.09193},
  year          = {2016},
  howpublished  = {\url{http://arxiv.org/pdf/1605.09193}},
  note          = {Accessed: 2016-07-04},
  url 			= {http://arxiv.org/pdf/1605.09193}
}

@misc{anderson2016new,
  title         = {New kids on the block: an analysis of modern blockchains},
  author        = {Anderson, Luke and Holz, Ralph and Ponomarev, Alexander and Rimba, Paul and Weber, Ingo},
  journal       = {arXiv preprint arXiv:1606.06530},
  year          = {2016},
  howpublished  = {\url{http://arxiv.org/pdf/1606.06530.pdf}},
  note          = {Accessed: 2016-07-04},
  url 			= {http://arxiv.org/pdf/1606.06530.pdf}
}

@misc{poon2016bitcoin,
  title         = {The bitcoin lightning network},
  author        = {Poon, Joseph and Dryja, Thaddeus},
  year          = {2016},  
  howpublished  = {\url{https://lightning.network/lightning-network-paper.pdf}},
  note          = {Accessed: 2016-07-07},
  url 			= {https://lightning.network/lightning-network-paper.pdf}
}

@misc{pass2016analysis,
  title         = {Analysis of the Blockchain Protocol in Asynchronous Networks},
  author        = {Pass, Rafael and Seeman, Lior and shelat, abhi},
  year          = {2016},
  howpublished  = {\url{http://eprint.iacr.org/2016/454.pdf}},
  note          = {Accessed: 2016-08-01},
  url           = {http://eprint.iacr.org/2016/454.pdf}
}

@misc{pass2016hybrid,
  title		= {Hybrid Consensus: Scalable Permissionless Consensus},
  author	= {Pass, Rafael and Shi, Elaine},
  year		= {2016},
  month		= {Sep},
  howpublished 	= {\url{https://eprint.iacr.org/2016/917.pdf}},
  note		= {Accessed: 2016-10-17},
  url 		= {https://eprint.iacr.org/2016/917.pdf}
}
  

@misc{nelson2016extending,
  title         = {Extending Existing Blockchains with Virtualchain},
  author        = {Nelson, Jude and Ali, Muneeb and Shea, Ryan and Freedman, Michael J},
  year          = {2016},
  howpublished  = {\url{https://www.zurich.ibm.com/dccl/papers/nelson_dccl.pdf}},
  note          = {Accessed: 2016-08-01},
  url           = {https://www.zurich.ibm.com/dccl/papers/nelson_dccl.pdf}
}

@misc{cachin2016architecture,
  title         = {Architecture of the Hyperledger Blockchain Fabric},
  author        = {Cachin, Christian},
  year          = {2016},
  howpublished  = {\url{https://www.zurich.ibm.com/dccl/papers/cachin_dccl.pdf}},  
  note          = {Accessed: 2016-08-10},
  url           = {https://www.zurich.ibm.com/dccl/papers/cachin_dccl.pdf}
}

@misc{vukolic2016eventually,
  title         = {Eventually Returning to Strong Consistency},
  author        = {Vukolic, Marko},
  year          = {2016},
  howpublished  = {\url{https://pdfs.semanticscholar.org/a6a1/b70305b27c556aac779fb65429db9c2e1ef2.pdf}},  
  note          = {Accessed: 2016-08-10},
  url           = {https://pdfs.semanticscholar.org/a6a1/b70305b27c556aac779fb65429db9c2e1ef2.pdf}
}

@misc{gervais2016security,
  title         = {On the Security and Performance of Proof of Work Blockchains},
  author        = {Gervais, Arthur and Karame, Ghassan O and W{\"u}st, Karl and Glykantzis, Vasileios and Ritzdorf, Hubert and Capkun, Srdjan},
  year          = {2016},
  howpublished  = {\url{https://eprint.iacr.org/2016/555.pdf}},  
  note          = {Accessed: 2016-08-10},
  url           = {https://eprint.iacr.org/2016/555.pdf}
}

@misc{gramoli2016danger,
  title         = {On the Danger of Private Blockchains},
  author        = {Gramoli, Vincent},
  year          = {2016},
  howpublished  = {\url{https://www.zurich.ibm.com/dccl/papers/gramoli_dccl.pdf}},  
  note          = {Accessed: 2016-08-10},
  url           = {https://www.zurich.ibm.com/dccl/papers/gramoli_dccl.pdf}
}

@misc{bhargavan2016short,
  title={Short Paper: Formal Verification of Smart Contracts},
  author={Bhargavan, Karthikeyan and Delignat-Lavaud, Antoine and Fournet, C{\'e}dric and Gollamudi, Anitha and Gonthier, Georges and Kobeissi, Nadim and Rastogi, Aseem and Sibut-Pinote, Thomas and Swamy, Nikhil and Zanella-B{\'e}guelin, Santiago},
  year={2016},
  month={Aug},
  howpublished  = {\url{https://research.microsoft.com/en-us/um/people/nswamy/papers/solidether.pdf}},  
  note          = {Accessed: 2016-08-10},
  url={https://research.microsoft.com/en-us/um/people/nswamy/papers/solidether.pdf}
}

@misc{pettersson2016safer,
  title={Safer smart contracts through type-driven development},
  author={Pettersson, Jack and Edstr{\"o}m, Robert},
  school={Chalmers University of Technology and University of Gothenburg},
  year={2016},
  address = {Gothenburg, Sweden},
  howpublished  = {\url{https://publications.lib.chalmers.se/records/fulltext/234939/234939.pdf}},  
  note          = {Accessed: 2016-08-10},
  url={https://publications.lib.chalmers.se/records/fulltext/234939/234939.pdf}
}

@misc{blocki2016designing,
  title		={Designing Proof of Human-work Puzzles for Cryptocurrency and Beyond},
  author	={Blocki, Jeremiah and Zhou, Hong-Sheng},
  publisher = {Cryptology ePrint Archive, Report 2016/145},
  year		={2016},
  month		={Aug},
  howpublished  = {\url{https://eprint.iacr.org/2016/145.pdf}}, 
  note          = {Accessed: 2016-10-17},
  url		={https://eprint.iacr.org/2016/145.pdf}
}

@misc{cachin2016non,
  title={Non-determinism in Byzantine Fault-Tolerant Replication},
  author={Cachin, Christian and Schubert, Simon and Vukolic, Marko},
  year={2016},
  month={Mar},
  howpublished={\url{http://www.zurich.ibm.com/~cca/papers/sieve.pdf}},
  note={Accessed: 2016-11-08},
  url={http://www.zurich.ibm.com/~cca/papers/sieve.pdf}
}

%tailored for permissioned blockchain environment
@misc{abraham2016bvp,
  title={BVP: Byzantine Vertical Paxos},
  author={Abraham, Ittai and Malkhi, Dahlia},
  year={2016},
  month={May},
  howpublished={\url{https://www.zurich.ibm.com/dccl/papers/abraham_dccl.pdf}},
  note={Accessed: 2016-11-08},
  url={https://www.zurich.ibm.com/dccl/papers/abraham_dccl.pdf}
}

@misc{wust2016security,
  title={Security of Blockchain Technologies},
  author={W{\"u}st, Karl},
  publisher={Master's Thesis - Department of Computer Science, ETH Z\{"u}rich},
  year={2016},
  month={Jul},
  howpublished={\url{http://e-collection.library.ethz.ch/eserv/eth:49632/eth-49632-01.pdf}},
  note={Accessed: 2016-11-08},
  url={http://e-collection.library.ethz.ch/eserv/eth:49632/eth-49632-01.pdf}
}

@phdthesis{miller2016provable,
  title={Provable Security for Cryptocurrencies},
  author={Miller, Andrew},
  year={2016},
  school={University of Maryland, College Park},
  howpublished={\url{http://www.cs.umd.edu/~jkatz/THESES/amiller-thesis.pdf}},
  note={Accessed: 2016-11-08},
  url={http://www.cs.umd.edu/~jkatz/THESES/amiller-thesis.pdf}
}

@misc{pass2016fruitchains,
  title={Fruitchains: A fair blockchain},
  author={Pass, Rafael and Shi, Elaine},
  publisher = {Cryptology ePrint Archive, Report 2016/916},
  year={2016},
  howpublished={\url{http://eprint.iacr.org/2016/916.pdf}},
  note={Accessed: 2016-11-08},
  url={http://eprint.iacr.org/2016/916.pdf}
}

@misc{bentov2016sleepy,
  title={The sleepy model of consensus},
  author={Bentov, Iddo and Pass, Rafael and Shi, Elaine},
  publisher = {Cryptology ePrint Archive, Report 2016/918},
  year={2016},
  howpublished={\url{https://eprint.iacr.org/2016/918.pdf}},
  note={Accessed: 2016-11-08},
  url={https://eprint.iacr.org/2016/918.pdf}
}

@misc{bentov2016snow,
  title={Snow White: Provably Secure Proofs of Stake},
  author={Bentov, Iddo and Pass, Rafael and Shi, Elaine},
  publisher = {Cryptology ePrint Archive, Report 2016/919},
  year={2016},
  note={\url{https://eprint.iacr.org/2016/919.pdf}},
  note={Accessed: 2016-11-08},
  url={https://eprint.iacr.org/2016/919.pdf}
}

@misc{garay2016bootstrapping,
    author = {Garay, Juan A.  and Kiayias, Aggelos and Leonardos, Nikos and Panagiotakos, Giorgos},
    title = {Bootstrapping the Blockchain --- Directly},
    publisher = {Cryptology ePrint Archive, Report 2016/991},
    year = {2016},
    month={Oct},
    howpublished = {\url{http://eprint.iacr.org/2016/991}},
    note={Accessed: 2016-11-08},
    url={https://eprint.iacr.org/2016/991.pdf}
}

@misc{atzei2016survey,
    author = {Atzei, Nicola and Bartoletti, Massimo  and Cimoli, Tiziana},
    title = {A survey of attacks on Ethereum smart contracts},
    publisher = {Cryptology ePrint Archive, Report 2016/1007},
    year = {2016},
    month ={Oct},
    howpublished={\url{http://eprint.iacr.org/2016/1007}},
    note={Accessed: 2016-11-08},
    url = { https://eprint.iacr.org/2016/1007.pdf}
}



@misc{kiayias2016provably_old,
  author    = {Kiayias, Aggelos and Konstantinou, Ioannis and Russell, Alexander  and David, Bernardo  and Oliynykov, Roman },
  title     = {A Provably Secure Proof-of-Stake Blockchain Protocol},
  publisher   = {Cryptology ePrint Archive, Report 2016/889},
  month = {Sep},
  year      = {2016},
  howpublished  = {\url{http://eprint.iacr.org/2016/889}},
  note = {Accessed: 2016-11-09},
  url = {http://eprint.iacr.org/2016/889.pdf}
}

@misc{kiayias2016provably,
    author = {Aggelos Kiayias and Alexander Russell and Bernardo David and Roman Oliynykov},
    title = {Ouroboros: A Provably Secure Proof-of-Stake Blockchain Protocol},
    howpublished = {Cryptology ePrint Archive, Report 2016/889},
    year = {2016},
    note = {\url{http://eprint.iacr.org/2016/889}},
}


% online resources regardring blockchains 

% \usepackage{url}
% Add this to your main .tex file
% so that URLs with special chars
% are handled correclty in misc 
% entries using work arounds like
%  howhpublished= 
%  note=`


% Bitcoin

@misc{github:bitcoinsrc,
  author        = {{Bitcoin community}},
  title         = {Bitcoin-core source code},
  booktitle     = {github},
  howpublished  = {\url{https://github.com/bitcoin/bitcoin}},
  note          = {Accessed: 2015-06-30}
}

@misc{github:bitcoinbips,
  author        = {{Bitcoin community}},
  title         = {Bitcoin Improvement Proposals (BIPs)},
  booktitle     = {github},
  howpublished  = {\url{https://github.com/bitcoin/bips}},
  note          = {Accessed: 2015-06-30}
}

@misc{github:bitcoinbip32,
  author        = {{Pieter Wuille}},
  title         = {Bitcoin Improvement Proposal 32 (BIP32): Hierarchical Deterministic Wallets},
  booktitle     = {github},
  howpublished  = {\url{https://github.com/bitcoin/bips/blob/master/bip-0032.mediawiki}},
  note          = {Accessed: 2016-05-24},
  url           = {https://github.com/bitcoin/bips/blob/master/bip-0032.mediawiki}
}

@misc{online:bitcoindev,
  author        = {{Bitcoin community}},
  title         = {Bitcoin developer guide},
  organization  = {bitcoin.org},
  howpublished  = {\url{https://bitcoin.org/en/developer-documentation}},
  note          = {Accessed: 2016-03-29}
}

@misc{github:bitcoindev,
  author        = {Krzysztof Okupski},
  title         = {Bitcoin protocol specification},
  howpublished  = {\url{https://github.com/minium/Bitcoin-Spec}},
  note          = {Accessed: 2014-10-14}
}

@misc{online:bitcoinprotocol,
  author        = {{Bitcoin community}},
  title         = {Bitcoin protocol specification},
  organization  = {bitcoin.it},
  howpublished  = {\url{https://en.bitcoin.it/wiki/Protocol_specification}},
  note          = {Accessed: 2014-10-14}
}

@misc{online:bitcoinit,
  author        = {{Bitcoin community}},
  title         = {Bitcoin wiki},
  organization  = {bitcoin.it},
  howpublished  = {\url{https://bitcoin.it/}},
  note          = {Accessed: 2015-06-30}
}

@misc{online:bitcoinitweaknesses,
  author        = {{Bitcoin community}},
  title         = {Weaknesses in Bitcoin},
  organization  = {bitcoin.it},
  howpublished  = {\url{https://en.bitcoin.it/wiki/Weaknesses}},
  note          = {Accessed: 2014-04-02}
}

@misc{online:bitcointalk,
  author        = {{Bitcoin community}},
  title         = {Bitcointalk forum},
  organization  = {bitcointalk.org},
  howpublished  = {\url{https://bitcointalk.org/}},
  note          = {Accessed: 2015-06-30}
}

@misc{online:bitcoindevarchives,
  author        = {{Bitcoin community}},
  title         = {Bitcoin-dev mailinglist},
  organization  = {linuxfoundation.org},
  howpublished  = {\url{https://lists.linuxfoundation.org/pipermail/bitcoin-dev/}},
  note          = {Accessed: 2016-06-07}
}

@misc{online:blockchaininfo,
  author        = {Blockchain.info},
  title         = {Bitcoin currency statistics},
  organization  = {Blockchain.info},
  howpublished  = {\url{http://blockchain.info/}},
  note          = {Accessed: 2015-06-30}
}

@misc{github:trezor,
  author        = {{Satoshi Labs}},
  title         = {Trezor: The Hardware Bitcoin Wallet},
  howpublished  = {\url{https://github.com/trezor}},
  note          = {Accessed: 2015-06-30},
}

@misc{github:ethereum,
  author        = {{Ethereum community}},
  title         = {Ethereum: A Secure Decentralised Generalised Transaction Ledger },
  booktitle     = {github},
  howpublished  = {\url{https://github.com/ethereum/yellowpaper}},
  note          = {Accessed: 2016-03-30}
}

@misc{online:litecoin,
  author        = {Litecoin Project},
  title         = {Litecoin},
  howpublished  = {\url{https://litecoin.org/}},
  note          = {Accessed: 2016-03-29}
}

@misc{online:litecoinblockexplorer,
  author        = {Litecoin Association},
  title         = {Litecoin Block Explorer},
  howpublished  = {\url{http://block-explorer.com/}},
  note          = {Accessed: 2016-03-29}
}

@misc{online:namecoin,
  title         = {{Namecoin}},
  howpublished  = {\url{https://namecoin.org/}}, 
  note          = {Accessed 2016-03-23}
}

@misc{github:namecoin-legacy,
  author        = {{Namecoin community}},
  title         = {Namecoin source code (legacy)},
  howpublished  = {\url{https://github.com/namecoin/namecoin-legacy}},
  note          = {Accessed: 2016-03-29}
}

@misc{github:namecoin-core,
  author        = {{Namecoin community}},
  title         = {Namecoin-core source code},
  howpublished  = {\url{https://github.com/namecoin/namecoin-core}},
  note          = {Accessed: 2016-03-29}
}

@misc{online:cryptocoincharts,
  title         = {{Crypto Coins List}},
  howpublished  = {\url{http://www.cryptocoincharts.info/coins/info}}, 
  note          = {Accessed 2014-11-14}
}

@misc{online:bitinfocharts,
  title         = {{Bitinfocharts}},
  howpublished  = {\url{https://bitinfocharts.com/}}, 
  note          = {Accessed 2015-03-23}
}

@misc{online:ecash,
  title         = {{ecash website snapshot}},
  howpublished  = {\url{https://web.archive.org/web/19971009044558/http://digicash.com/publish/ecash_intro/ecash_intro.html}}, 
  note          = {Accessed 2016-08-10}
}

@misc{online:digicashbankrupt,
  title         = {{Requiem of a Bright Idea}},
  organization  = {Forbes},
  howpublished  = {\url{http://www.forbes.com/forbes/1999/1101/6411390a.html}}, 
  note          = {Accessed 2016-08-10}
}  

@misc{online:coinmarketcap,
  title         = {{Coinmarketcap}},
  organization  = {CoinMarketCap},
  howpublished  = {\url{http://coinmarketcap.com/}}, 
  note          = {Accessed 2016-09-10}
}

@misc{szabo1994smart,
  title         = {Smart Contracts},
  author        = {Szabo, Nick},
  year          = {1994},
  howpublished  = {\url{http://szabo.best.vwh.net/smart.contracts.html}},
  note 			= {Accessed: 2016-08-22},
  url           = {http://szabo.best.vwh.net/smart.contracts.html}
}

@misc{szabo1996smart,
  author        = {Szabo Nick},
  title         = {Smart Contracts: Building Blocks for Digital Markets},
  howpublished  = {\url{http://szabo.best.vwh.net/smart_contracts_2.html}},
  year          = {1996},
  note          = {(Accessed on 08/22/2016)},
  url={http://szabo.best.vwh.net/smart_contracts_2.html}
}

@misc{szabo1997idea,
  title         = {The idea of smart contracts, 1 997},
  author        = {Szabo, Nick},
  year          = {1997},
  howpublished  = {\url{http://szabo.best.vwh.net/smart_contracts_idea.html}},
  note 			= {Accessed: 2016-08-22},
  url           = {http://szabo.best.vwh.net/smart_contracts_idea.html}
}

@misc{szabo1997formalizing,
  title         = {Formalizing and securing relationships on public networks},
  author        = {Szabo, Nick},
  journal       = {First Monday},
  year          = {1997},
  howpublished  = {\url{http://ojphi.org/ojs/index.php/fm/article/view/548/469}},
  note 			= {Accessed: 2016-08-22},
  url           = {http://ojphi.org/ojs/index.php/fm/article/view/548/469}
}

@misc{miller2003digital,
  title         = {The digital path: smart contracts and the Third World},
  author        = {Miller, Mark S and Stiegler, Marc},
  year          = {2003},
  howpublished  = {\url{http://www.erights.org/talks/pisa/paper/index.html}},
  note 			= {Accessed: 2016-08-22},
  url           = {http://www.erights.org/talks/pisa/paper/index.html}
}

@misc{buterin2016thinking,
  author = {Buterin, Vitalik},
  title = {Thinking About Smart Contract Security - Ethereum Blog},
  howpublished = {\url{https://blog.ethereum.org/2016/06/19/thinking-smart-contract-security/}},
  month = {Jun},
  year = {2016},
  note = {(Accessed on 08/22/2016)},
  url={https://blog.ethereum.org/2016/06/19/thinking-smart-contract-security/}
}

@misc{reitwiessner2015formal,
  author = {Reitwiessner, Christian},
  title = {Formal Verification for Solidity Contracts — Ethereum Community Forum},
  howpublished = {\url{https://forum.ethereum.org/discussion/3779/formal-verification-for-solidity-contracts}},
  month = {Oct},
  year = {2015},
  note = {(Accessed on 08/22/2016)},
  url={https://forum.ethereum.org/discussion/3779/formal-verification-for-solidity-contracts}
}

@misc{swanson2015consensus,
  title={Consensus-as-a-service: a brief report on the emergence of permissioned, distributed ledger systems},
  author={Swanson, Tim},
  year={2015},
  month={Apr},
  howpublished = {\url{http://www.ofnumbers.com/wp-content/uploads/2015/04/Permissioned-distributed-ledgers.pdf}},
  note = {Accessed on 2016-10-17},
  url={http://www.ofnumbers.com/wp-content/uploads/2015/04/Permissioned-distributed-ledgers.pdf}
}
% Peer reviewd blockchain bibliography

% < 2009 

@inproceedings{pease1980reaching,
  title={Reaching agreement in the presence of faults},
  author={Pease, Marshall and Shostak, Robert and Lamport, Leslie},
  journal={Journal of the ACM (JACM)},
  volume={27},
  number={2},
  pages={228--234},
  year={1980},
  publisher={ACM},
  url={http://research.microsoft.com/en-us/um/people/lamport/pubs/reaching.pdf}
}

@inproceedings{lamport1982byzantine,
  title={The Byzantine generals problem},
  author={Lamport, Leslie and Shostak, Robert and Pease, Marshall},
  journal={ACM Transactions on Programming Languages and Systems (TOPLAS)},
  volume={4},
  number={3},
  pages={382--401},
  year={1982},
  publisher={ACM},
  url={http://people.cs.uchicago.edu/~shanlu/teaching/33100_wi15/papers/byz.pdf}
}

@inproceedings{dolev1982polynomial,
  title={Polynomial algorithms for multiple processor agreement},
  author={Dolev, Danny and Strong, H Raymond},
  booktitle={Proceedings of the fourteenth annual ACM symposium on Theory of computing},
  pages={401--407},
  year={1982},
  organization={ACM},
  url={http://www.cse.huji.ac.il/~dolev/pubs/p401-dolev.pdf}
}

@inproceedings{fischer1982lower,
  title={A LOWER BOUND FOR THE TIME TO ASSURE INTERACTIVE CONSISTENCY},
  author={FISCHER, Michael J and LYNCH, Nancy A},
  journal={INFORMATION PROCESSING LETTERS},
  volume={14},
  number={4},
  year={1982},
  month={Jun},
  url={http://groups.csail.mit.edu/tds/papers/Lynch/ipl82.pdf}
}

@inproceedings{dolev1982efficient,
  title={An Efficient Algorithm for Byzantine Agreement without Authentication},
  author={Dolev, Danny and Fischer, Michael J and Fowler, Rob and Lynch, Nancy A and Strong, H Raymond},
  journal={Information and Control},
  volume={52},
  number={3},
  pages={257--274},
  year={1982},
  url={http://groups.csail.mit.edu/tds/papers/Lynch/dffls-ic.pdf}
}

@inproceedings{lamport1983weak,
  title={The weak Byzantine generals problem},
  author={Lamport, Leslie},
  journal={Journal of the ACM (JACM)},
  volume={30},
  number={3},
  pages={668--676},
  year={1983},
  publisher={ACM},
  url={http://131.107.65.14/en-us/um/people/lamport/pubs/weak-byz.pdf}
}

@inproceedings{fischer1983consensus,
  title={The consensus problem in unreliable distributed systems (a brief survey)},
  author={Fischer, Michael J},
  booktitle={International Conference on Fundamentals of Computation Theory},
  pages={127--140},
  year={1983},
  publisher={Springer},
  url={http://courses.csail.mit.edu/6.897/fall04/papers/Fischer/fischer-survey.ps}
}

@inproceedings{chaum1983blind,
  title = {Blind signatures for untraceable payments},
  author = {Chaum, David},
  booktitle = {Advances in cryptology},
  pages = {199--203},
  year = {1983},
  organization = {Springer},
  url = {http://blog.koehntopp.de/uploads/Chaum.BlindSigForPayment.1982.PDF}
}

@inproceedings{ben1983another,
  title={Another advantage of free choice (extended abstract): Completely asynchronous agreement protocols},
  author={Ben-Or, Michael},
  booktitle={Proceedings of the second annual ACM symposium on Principles of distributed computing},
  pages={27--30},
  year={1983},
  organization={ACM},
  url={http://homepage.cs.uiowa.edu/~ghosh/BenOr.pdf}
}

@inproceedings{rabin1983randomized,
  title={Randomized byzantine generals},
  author={Rabin, Michael O},
  booktitle={Foundations of Computer Science, 1983., 24th Annual Symposium on},
  pages={403--409},
  year={1983},
  organization={IEEE},
  url={https://www.cs.princeton.edu/courses/archive/fall05/cos521/byzantin.pdf}
}

@inproceedings{dolev1983authenticated,
  title={Authenticated algorithms for Byzantine agreement},
  author={Dolev, Danny and Strong, H. Raymond},
  journal={SIAM Journal on Computing},
  volume={12},
  number={4},
  pages={656--666},
  year={1983},
  publisher={SIAM},
  url={http://www.cse.huji.ac.il/~dolev/pubs/authenticated.pdf}
}

@inproceedings{toueg1984randomized,
  title={Randomized Asynchronous Byzantine Agreements},
  author={Toueg, Sam},
  booktitle={Proceedings of the third annual ACM symposium on Principles of distributed computing},
  pages={163--178},
  year={1984},
  publisher={ACM},
  url={https://ecommons.cornell.edu/bitstream/handle/1813/6426/83-587.ps}
}

@inproceedings{lamport1984using,
  title={Using Time Instead of Timeout for Fault-Tolerant Distributed Systems.},
  author={Lamport, Leslie},
  journal={ACM Transactions on Programming Languages and Systems (TOPLAS)},
  volume={6},
  number={2},
  pages={254--280},
  year={1984},
  publisher={ACM},
  url={http://131.107.65.14/en-us/um/people/lamport/pubs/using-time.pdf}
}

@inproceedings{chaum1985security,
  title = {Security without identification: Transaction systems to make big brother obsolete},
  author = {Chaum, David},
  journal = {Communications of the ACM},
  volume = {28},
  number = {10},
  pages = {1030--1044},
  year = {1985},
  publisher = {ACM},
  url={https://cosic.esat.kuleuven.be/apes/papers/p1030-chaum.pdf.gz}
}

@inproceedings{fischer1985impossibility,
  title={Impossibility of distributed consensus with one faulty process},
  author={Fischer, Michael J and Lynch, Nancy A and Paterson, Michael S},
  journal={Journal of the ACM (JACM)},
  volume={32},
  number={2},
  pages={374--382},
  year={1985},
  publisher={ACM},
  url={http://macs.citadel.edu/rudolphg/csci604/ImpossibilityofConsensus.pdf}
}

@inproceedings{bracha1985asynchronous,
  title={Asynchronous Consensus and Broadcast Protocols},
  author={Bracha, Gabriel and Toueg, Sam},
  journal={Journal of the Association for Computing Machinery},
  volume={32},
  number={4},
  pages={824--840},
  year={1985},
  publisher={Citeseer},
  url={https://pdfs.semanticscholar.org/130c/e1bcd496a7b9192f5f53dd8d7ef626e40675.pdf}
}

@inproceedings{chor1985simple,
  title={A Simple and Efficient Randomized Byzantine Agreement Algorithm},
  author={Chor, Benny and Coan, Brian A},
  journal={IEEE Transactions on Software Engineering},
  number={6},
  pages={531--539},
  year={1985},
  publisher={IEEE},
  url={http://users.ece.utexas.edu/~garg/sp11/382n/resources/randomizedByzantine.pdf}
}


@inproceedings{dolev1987minimal,
  title={On the minimal synchronism needed for distributed consensus},
  author={Dolev, Danny and Dwork, Cynthia and Stockmeyer, Larry},
  journal={Journal of the ACM (JACM)},
  volume={34},
  number={1},
  pages={77--97},
  year={1987},
  publisher={ACM},
  url={http://www.oocities.org/stockmeyer@sbcglobal.net/dds.pdf}
}

@inproceedings{dwork1988consensus,
  title={Consensus in the presence of partial synchrony},
  author={Dwork, Cynthia and Lynch, Nancy and Stockmeyer, Larry},
  journal={Journal of the ACM (JACM)},
  volume={35},
  number={2},
  pages={288--323},
  year={1988},
  publisher={ACM},
  url={http://www-usr.inf.ufsm.br/~ceretta/papers/MITLCSTM270.pdf}
}

@inproceedings{schneider1990implementing,
  title={Implementing fault-tolerant services using the state machine approach: A tutorial},
  author={Schneider, Fred B},
  journal={ACM Computing Surveys (CSUR)},
  volume={22},
  number={4},
  pages={299--319},
  year={1990},
  publisher={ACM},
  url={http://www-users.cselabs.umn.edu/classes/Spring-2014/csci8980-sds/Papers/ProcessReplication/p299-schneider.pdf}
}

@inproceedings{chaum1990untraceable,
  title         = {Untraceable electronic cash},
  author        = {Chaum, David and Fiat, Amos and Naor, Moni},
  booktitle     = {Proceedings on Advances in cryptology},
  pages         = {319--327},
  year          = {1990},
  organization  = {Springer-Verlag New York, Inc.},
  url           = {http://people.dsv.su.se/~matei/courses/IK2001_SJE/Chaum90.pdf}
}

@inproceedings{dwork1992pricing,
  title={Pricing via processing or combatting junk mail},
  author={Dwork, Cynthia and Naor, Moni},
  booktitle={Annual International Cryptology Conference},
  pages={139--147},
  year={1992},
  organization={Springer},
  url={https://web.cs.dal.ca/~abrodsky/7301/readings/DwNa93.pdf}  
}

@inproceedings{chandra1996unreliable,
  title={Unreliable failure detectors for reliable distributed systems},
  author={Chandra, Tushar Deepak and Toueg, Sam},
  journal={Journal of the ACM (JACM)},
  volume={43},
  number={2},
  pages={225--267},
  year={1996},
  publisher={ACM},
  url={https://ecommons.cornell.edu/bitstream/handle/1813/7192/95-1535.pdf?sequence=1}
}

@inproceedings{lamport1998part,
  title={The part-time parliament},
  author={Lamport, Leslie},
  journal={ACM Transactions on Computer Systems (TOCS)},
  volume={16},
  number={2},
  pages={133--169},
  year={1998},
  publisher={ACM},
  url={http://research.microsoft.com/en-us/um/people/lamport/pubs/lamport-paxos.pdf}
}

@inproceedings{castro1999practical,
  title={Practical Byzantine fault tolerance},
  author={Castro, Miguel and Liskov, Barbara and others},
  booktitle={OSDI},
  volume={99},
  pages={173--186},
  year={1999},
  url={http://pmg.csail.mit.edu/papers/osdi99.pdf}
}
%http://lambda.csail.mit.edu/~chet/papers/others/l/liskov/castro-thesis.pdf

@inproceedings{miller2000capability,
  title={Capability-based financial instruments},
  author={Miller, Mark S and Morningstar, Chip and Frantz, Bill},
  booktitle={International Conference on Financial Cryptography},
  pages={349--378},
  year={2000},
  organization={Springer},
  url={http://www.erights.org/elib/capability/ode/ode.pdf}
}

@inproceedings{cachin2000random,
  title={Random oracles in Constantinople: Practical Asynchronous Byzantine Agreement using Cryptography},
  author={Cachin, Christian and Kursawe, Klaus and Shoup, Victor},
  booktitle={Proceedings of the nineteenth annual ACM symposium on Principles of distributed computing},
  pages={123--132},
  year={2000},
  organization={ACM},
  url={https://www.zurich.ibm.com/~cca/papers/abba.pdf}
}

@inproceedings{cachin2001secure,
  title={Secure and efficient asynchronous broadcast protocols},
  author={Cachin, Christian and Kursawe, Klaus and Petzold, Frank and Shoup, Victor},
  booktitle={Annual International Cryptology Conference},
  pages={524--541},
  year={2001},
  organization={Springer},
  url={https://www.zurich.ibm.com/~cca/papers/abc.pdf}
}


@inproceedings{douceur2002sybil,
  title={The sybil attack},
  author={Douceur, John R},
  booktitle={International Workshop on Peer-to-Peer Systems},
  pages={251--260},
  year={2002},
  organization={Springer},
  url={http://www.cs.cornell.edu/people/egs/cs6460-spring10/sybil.pdf}
}

@inproceedings{aspnes2003randomized,
  title={Randomized protocols for asynchronous consensus},
  author={Aspnes, James},
  journal={Distributed Computing},
  volume={16},
  number={2-3},
  pages={165--175},
  year={2003},
  publisher={Springer},
  url={http://arxiv.org/pdf/cs/0209014}
}

@inproceedings{baldoni2003consensus,
  title={Consensus in Byzantine asynchronous systems},
  author={Baldoni, Roberto and H{\'e}lary, Jean-Michel and Raynal, Michel and Tangui, Lenaik},
  journal={Journal of Discrete Algorithms},
  volume={1},
  number={2},
  pages={185--210},
  year={2003},
  publisher={Elsevier},
  url={http://ac.els-cdn.com/S157086670300025X/1-s2.0-S157086670300025X-main.pdf?_tid=0ce850b4-a744-11e6-a9cb-00000aab0f02&acdnat=1478782320_1c5fb3de333bc22d255442881f330e25}
}


@inproceedings{cavin2004consensus,
  title={Consensus with unknown participants or fundamental self-organization},
  author={Cavin, David and Sasson, Yoav and Schiper, Andr{\'e}},
  booktitle={International Conference on Ad-Hoc Networks and Wireless},
  pages={135--148},
  year={2004},
  organization={Springer},
  url={http://infoscience.epfl.ch/record/49887/files/CSS04.pdf}
}

@inproceedings{correia2004tolerate,
  title={How to tolerate half less one Byzantine nodes in practical distributed systems},
  author={Correia, Miguel and Neves, Nuno Ferreira and Verissimo, Paulo},
  booktitle={Reliable Distributed Systems, 2004. Proceedings of the 23rd IEEE International Symposium on},
  pages={174--183},
  year={2004},
  organization={IEEE},
  url={https://pdfs.semanticscholar.org/e285/17f5ac25497335a4da80b40eefe588d59c32.pdf}
}

@article{aspnes2005exposing,
  title={Exposing computationally-challenged Byzantine impostors},
  author={Aspnes, James and Jackson, Collin and Krishnamurthy, Arvind},
  journal={Department of Computer Science, Yale University, New Haven, CT, Tech. Rep},
  year={2005},
  url={ftp://haskell.cs.yale.edu/pub/TR/tr1332.pdf}
}

@inproceedings{angluin2006stabilizing,
  title={Stabilizing consensus in mobile networks},
  author={Angluin, Dana and Fischer, Michael J and Jiang, Hong},
  booktitle={Distributed Computing in Sensor Systems},
  pages={37--50},
  year={2006},
  publisher={Springer},
  url={http://citeseerx.ist.psu.edu/viewdoc/download?doi=10.1.1.60.1040&rep=rep1&type=pdf}
}

@article{levine2006survey,
  title={A survey of solutions to the sybil attack},
  author={Levine, Brian Neil and Shields, Clay and Margolin, N Boris},
  journal={University of Massachusetts Amherst, Amherst, MA},
  volume={7},
  year={2006},
  url={http://forensics.umass.edu/pubs/levine.sybil.tr.2006.pdf}
}

@inproceedings{beerliova2007efficient,
  title={Efficient Byzantine agreement with faulty minority},
  author={Beerliov{\'a}-Trub{\'\i}niov{\'a}, Zuzana and Hirt, Martin and Riser, Micha},
  booktitle={Proceedings of the Advances in Crypotology 13th international conference on Theory and application of cryptology and information security},
  pages={393--409},
  year={2007},
  organization={Springer-Verlag},
  url={http://www.crypto.ethz.ch/alumni/trubini/BeHiRi07.pdf}
}

@inproceedings{chun2007attested,
  title={Attested append-only memory: Making adversaries stick to their word},
  author={Chun, Byung-Gon and Maniatis, Petros and Shenker, Scott and Kubiatowicz, John},
  booktitle={ACM SIGOPS Operating Systems Review},
  volume={41},
  number={6},
  pages={189--204},
  year={2007},
  organization={ACM},
  url={http://news.cs.nyu.edu/~jinyang/fa08/papers/a2m.pdf}
}


@inproceedings{nagy2008openpgp,
  title={OpenPGP-Based Financial Instruments and Dispute Arbitration},
  author={Nagy, Daniel A and Shakel, Nadzeya V},
  booktitle={International Conference on Financial Cryptography and Data Security},
  pages={267--271},
  year={2008},
  organization={Springer},
  url={http://www.epointsystem.org/~nagydani/fc2008.pdf}
}

@inproceedings{alchieri2008byzantine,
  title={Byzantine Consensus with Unknown Participants},
  author={Alchieri, Eduardo A and Bessani, Alysson Neves and Silva Fraga, Joni and Greve, Fab{\'\i}ola},
  booktitle={Proceedings of the 12th International Conference on Principles of Distributed Systems},
  pages={22--40},
  year={2008},
  organization={Springer-Verlag},
  url={http://www.di.fc.ul.pt/~bessani/publications/opodis08-bftcup.pdf}
}

@inproceedings{kapron2008fast,
  title={Fast Asynchronous Byzantine Agreement and Leader Election with Full Information},
  author={Kapron, Bruce and Kempe, David and King, Valerie and Saia, Jared and Sanwalani, Vishal},
  booktitle={Proceedings of the nineteenth annual ACM-SIAM symposium on Discrete algorithms},
  pages={1038--1047},
  year={2008},
  organization={Society for Industrial and Applied Mathematics},
  url={https://www.researchgate.net/profile/Bruce_Kapron/publication/220390388_Fast_asynchronous_Byzantine_agreement_and_leader_election_with_full_information/links/0912f5109e74191137000000.pdf}
}


% 2009

@inproceedings{clement2009making,
  title={Making Byzantine Fault Tolerant Systems Tolerate Byzantine Faults.},
  author={Clement, Allen and Wong, Edmund L and Alvisi, Lorenzo and Dahlin, Michael and Marchetti, Mirco},
  booktitle={NSDI},
  volume={9},
  pages={153--168},
  year={2009},
  url={http://static.usenix.org/events/nsdi09/tech/full_papers/clement/clement.pdf}
}

% published by springer DOI 10.1007/978-3-540-92221-6_5

@article{delporte2008consensus,
  title={Consensus is Easier Than Reliable Broadcast},
  author={Delporte-Gallet, Carole and Devismes, St{\'e}phane and Fauconnier, Hugues and Petit, Franck and Toueg, Sam},
  year = {2008},
  month = {Sep},
  url = {https://hal.inria.fr/hal-00325470/PDF/reliable.pdf}
}

@inproceedings{chen2009security,
  title={Security notions and generic constructions for client puzzles},
  author={Chen, Liqun and Morrissey, Paul and Smart, Nigel P and Warinschi, Bogdan},
  booktitle={International Conference on the Theory and Application of Cryptology and Information Security},
  pages={505--523},
  year={2009},
  organization={Springer},
  url={http://citeseerx.ist.psu.edu/viewdoc/download?doi=10.1.1.215.7179&rep=rep1&type=pdf}
}

% 2010

@inproceedings{white2010overcoming,
  title={Overcoming reputation and proof-of-work systems in botnets},
  author={White, Andrew and Tickle, Alan and Clark, Andrew},
  booktitle={Network and System Security (NSS), 2010 4th International Conference on},
  pages={120--127},
  year={2010},
  organization={IEEE},
  url={http://eprints.qut.edu.au/35657/1/c35657.pdf}
}

@inproceedings{guerraoui2010next,
  title={The next 700 BFT protocols},
  author={Guerraoui, Rachid and Kne{\v{z}}evi{\'c}, Nikola and Qu{\'e}ma, Vivien and Vukoli{\'c}, Marko},
  booktitle={Proceedings of the 5th European conference on Computer systems},
  pages={363--376},
  year={2010},
  organization={ACM},
  url={https://infoscience.epfl.ch/record/121590/files/TR-700-2009.pdf}
}

@inproceedings{abraham2010fast,
  title={Fast Asynchronous Consensus with Optimal Resilience},
  author={Abraham, Ittai and Aguilera, Marcos K and Malkhi, Dahlia},
  booktitle={International Symposium on Distributed Computing},
  pages={4--19},
  year={2010},
  organization={Springer},
  url={https://www.microsoft.com/en-us/research/wp-content/uploads/2010/09/disc-camera-ready.pdf}
}

@inproceedings{correia2010asynchronous,
  title={Asynchronous Byzantine consensus with 2f+ 1 processes},
  author={Correia, Miguel and Veronese, Giuliana S and Lung, Lau Cheuk},
  booktitle={Proceedings of the 2010 ACM symposium on applied computing},
  pages={475--480},
  year={2010},
  organization={ACM},
  url={http://www.navigators.di.fc.ul.pt/archive/papers/consensus2f11.pdf}
}

% 2011

@inproceedings{reid2011anonymity,
  author    = {F. Reid, M. Harrigan},
  title     = {An Analysis of Anonymity in the Bitcoin System},
  booktitle = {2011 IEEE International Conference on Privacy, Security, Risk, and Trust, and IEEE International Conference on Social Computing},
  year      = {2011},
  url={http://arxiv.org/pdf/1107.4524}
}

@inproceedings{lamport2011brief,
  title={Brief announcement: leaderless byzantine paxos},
  author={Lamport, Leslie},
  booktitle={International Symposium on Distributed Computing},
  pages={141--142},
  year={2011},
  organization={Springer},
  url={http://research.microsoft.com/en-us/um/people/lamport/pubs/disc-leaderless-web.pdf}
}

@inproceedings{stebila2011stronger,
  title={Stronger difficulty notions for client puzzles and denial-of-service-resistant protocols},
  author={Stebila, Douglas and Kuppusamy, Lakshmi and Rangasamy, Jothi and Boyd, Colin and Nieto, Juan Gonzalez},
  booktitle={Cryptographers Track at the RSA Conference},
  pages={284--301},
  year={2011},
  organization={Springer},
  url={http://eprints.qut.edu.au/40036/6/40036-full-revised.pdf}
}

% 2012

@inproceedings{ron2013quantitative,
  title={Quantitative analysis of the full bitcoin transaction graph},
  author={Ron, Dorit and Shamir, Adi},
  booktitle={Financial Cryptography and Data Security},
  pages={6--24},
  year={2013},
  publisher={Springer},
  url={https://eprint.iacr.org/2012/584.pdf}
}

%barber2012bitterbetter
@inproceedings{barber2012bitter,
  title         = {Bitter to better - how to make bitcoin a better currency},
  author        = {Barber, Simon and Boyen, Xavier and Shi, Elaine and Uzun, Ersin},
  booktitle     = {Financial cryptography and data security},
  pages         = {399--414},
  year          = {2012},
  publisher     = {Springer},
  url={http://eprints.qut.edu.au/69169/1/Boyen_accepted_draft.pdf}
}

@inproceedings{babaioff2012red,
  title         = {On bitcoin and red balloons},
  author        = {Babaioff, Moshe and Dobzinski, Shahar and Oren, Sigal and Zohar, Aviv},
  booktitle     = {Proceedings of the 13th ACM conference on electronic commerce},
  pages         = {56--73},
  year          = {2012}, 
  organization  = {ACM},
  url = {http://arxiv.org/pdf/1111.2626.pdf}
}

@inproceedings{clark2012commitcoin,
  title={Commitcoin: Carbon dating commitments with bitcoin},
  author={Clark, Jeremy and Essex, Aleksander},
  booktitle={Financial Cryptography and Data Security},
  pages={390--398},
  year={2012},
  publisher={Springer},
  url={http://users.encs.concordia.ca/~clark/papers/2012_fc.pdf}
}

@inproceedings{jaffe2012price,
  title={On the Price of Equivocation in Byzantine Agreement},
  author={Jaffe, Alexander and Moscibroda, Thomas and Sen, Siddhartha},
  booktitle={Proceedings of the 2012 ACM symposium on Principles of distributed computing},
  pages={309--318},
  year={2012},
  organization={ACM},
  url={http://sns.cs.princeton.edu/docs/hypergraph-podc12.pdf}
}

@inproceedings{becker2013can,
  title={Can we afford integrity by proof-of-work? Scenarios inspired by the Bitcoin currency},
  author={Becker, J{\"o}rg and Breuker, Dominic and Heide, Tobias and Holler, Justus and Rauer, Hans Peter and B{\"o}hme, Rainer},
  booktitle={WEIS},
  year={2012},
  publisher={Springer},
  url={http://users.encs.concordia.ca/~clark/biblio/bitcoin/Becker%202012.pdf}
}

@inproceedings{veronese2013efficient,
  title={Efficient byzantine fault-tolerance},
  author={Veronese, Giuliana Santos and Correia, Miguel and Bessani, Alysson Neves and Lung, Lau Cheuk and Verissimo, Paulo},
  journal={IEEE Transactions on Computers},
  volume={62},
  number={1},
  pages={16--30},
  year={2013},
  publisher={IEEE},
  url={https://www.researchgate.net/profile/Miguel_Correia3/publication/260585535_Efficient_Byzantine_Fault-Tolerance/links/5419615d0cf25ebee9885215.pdf}
}

@inproceedings{androulaki2012two,
  title={Two Bitcoins at the Price of One? Double-Spending Attacks on Fast Payments in Bitcoin},
  author={Androulaki, Eli and Capkun, Srdjan and Karame, Ghassan O},
  booktitle={CCS},
  year={2012},
  url={http://eprint.iacr.org/2012/248.pdf}
}

@inproceedings{aguilera2012correctness,
  title={The correctness proof of Ben-Or's randomized consensus algorithm},
  author={Aguilera, Marcos K and Toueg, Sam},
  journal={Distributed Computing},
  volume={25},
  number={5},
  pages={371--381},
  year={2012},
  publisher={Springer},
  url={http://citeseerx.ist.psu.edu/viewdoc/download?doi=10.1.1.261.481&rep=rep1&type=pdf}
}

@inproceedings{cap2012structural,
  author = {Cap, Clemens H},
  title = {A Structural Analysis of Bitcoin},
  booktitle = {Annual Meeting of the German Computer Scoiety GI. Braunschweig},
  year = {2012},
  url = {http://cs.emis.de/LNI/Proceedings/Proceedings208/51.pdf}
}

% 2013

@InProceedings{christin2013traveling,
  author = "Nicolas Christin", 
  title = "Traveling the {Silk Road}: A measurement analysis of a large anonymous online marketplace",
  booktitle = "Proceedings of the {22nd World Wide Web Conference (WWW'13)}", 
  year = 2013,
  month = may,
  address = "Rio de Janeiro, Brazil",
  pages = "213--224",
  url = {https://www.andrew.cmu.edu/user/nicolasc/publications/Christin-WWW13.pdf}
}

@InProceedings{christin2013beware, 
  author = "Tyler Moore and Nicolas Christin",
  title = "Beware the Middleman: Empirical Analysis of {Bitcoin}-Exchange Risk",
  booktitle = "Proceedings of IFCA Financial Cryptography'13",
  month = "April",
  year = 2013, 
  address = "Okinawa, Japan",
  url={https://www.andrew.cmu.edu/user/nicolasc/publications/MC-FC13.pdf}
}

@inproceedings{mahmoody2013publicly,
  title={Publicly verifiable proofs of sequential work},
  author={Mahmoody, Mohammad and Moran, Tal and Vadhan, Salil},
  booktitle={Proceedings of the 4th conference on Innovations in Theoretical Computer Science},
  pages={373--388},
  year={2013},
  organization={ACM},
  url={http://www.cs.cornell.edu/~mohammad/files/papers/15%20TimeStamp.pdf}
}

@inproceedings{taylor2013bitcoin,
  title={Bitcoin and the age of bespoke silicon},
  author={Taylor, Michael Bedford},
  booktitle={Proceedings of the 2013 International Conference on Compilers, Architectures and Synthesis for Embedded Systems},
  pages={16},
  year={2013},
  organization={IEEE Press},
  url={https://cseweb.ucsd.edu/~mbtaylor/papers/bitcoin_taylor_cases_2013.pdf}
}

@inproceedings{miers2013zerocoin,
  author={Miers, Ian and Garman, Christina and Green, Matthew and Rubin, Aviel D},
  title={Zerocoin: Anonymous distributed e-cash from bitcoin},
  booktitle={Security and Privacy (SP), 2013 IEEE Symposium on},
  pages={397--411},
  year={2013},
  organization={IEEE},
  url={https://isi.jhu.edu/~mgreen/ZerocoinOakland.pdf}
}

%bamert2013snak
@inproceedings{bamert2013have,
  title={Have a snack, pay with bitcoins},
  author={Bamert, Tobias and Decker, Christian and Elsen, Lennart and Wattenhofer, Roger and Welten, Samuel},
  booktitle={Peer-to-Peer Computing (P2P), 2013 IEEE Thirteenth International Conference on},
  pages={1--5},
  year={2013},
  organization={IEEE},
  url={http://www.bheesty.com/cracker/1450709524_17035424cb/p2p2013_093.pdf}
}

%decker2013propagation
@inproceedings{decker2013information,
  title={Information propagation in the bitcoin network},
  author={Decker, Christian and Wattenhofer, Roger},
  booktitle={Peer-to-Peer Computing (P2P), 2013 IEEE Thirteenth International Conference on},
  pages={1--10},
  year={2013},
  organization={IEEE},
  url={http://diyhpl.us/~bryan/papers2/bitcoin/Information%20propagation%20in%20the%20Bitcoin%20network.pdf}
}

@inproceedings{meiklejohn2013fistful,
  title={A fistful of bitcoins: characterizing payments among men with no names},
  author={Meiklejohn, Sarah and Pomarole, Marjori and Jordan, Grant and Levchenko, Kirill and McCoy, Damon and Voelker, Geoffrey M and Savage, Stefan},
  booktitle={Proceedings of the 2013 conference on Internet measurement conference},
  pages={127--140},
  year={2013},
  organization={ACM},
  url={http://cseweb.ucsd.edu/~smeiklejohn/files/imc13-slides.pdf}
}

@inproceedings{androulaki2013evaluating,
  title={Evaluating user privacy in bitcoin},
  author={Androulaki, Elli and Karame, Ghassan O and Roeschlin, Marc and Scherer, Tobias and Capkun, Srdjan},
  booktitle={Financial Cryptography and Data Security},
  pages={34--51},
  year={2013},
  publisher={Springer},
  url={http://book.itep.ru/depository/bitcoin/User_privacy_in_bitcoin.pdf}
}

% 2014 

@inproceedings{ben2014zerocash,
  title={Zerocash: Decentralized anonymous payments from bitcoin},
  author={Ben Sasson, Eli and Chiesa, Alessandro and Garman, Christina and Green, Matthew and Miers, Ian and Tromer, Eran and Virza, Madars},
  booktitle={Security and Privacy (SP), 2014 IEEE Symposium on},
  pages={459--474},
  year={2014},
  organization={IEEE},
  url={http://zerocash-project.org/media/pdf/zerocash-extended-20140518.pdf}
}

%donet2014bitcoinp2p
@inproceedings{donet2014bitcoin,
  title={The bitcoin p2p network},
  author={Donet, Joan Antoni Donet and P{\'e}rez-Sola, Cristina and Herrera-Joancomart{\'\i}, Jordi},
  booktitle={Financial Cryptography and Data Security},
  pages={87--102},
  year={2014},
  publisher={Springer},
  url={http://fc14.ifca.ai/bitcoin/papers/bitcoin14_submission_3.pdf}
}

%bonneau2014decentralizing
@inproceedings{clark2014decentralizing,
  title={On Decentralizing Prediction Markets and Order Books},
  author={Clark, Jeremy and Bonneau, Joseph and Felten, Edward W and Kroll, Joshua A and Miller, Andrew and Narayanan, Arvind},
  booktitle={WEIS},
  year={2014},
  url={http://users.encs.concordia.ca/~clark/papers/2014_weis.pdf}
}

%biryukov2014deanon
@inproceedings{biryukov2014deanonymisation,
  title={Deanonymisation of clients in Bitcoin P2P network},
  author={Biryukov, Alex and Khovratovich, Dmitry and Pustogarov, Ivan},
  booktitle={Proceedings of the 2014 ACM SIGSAC Conference on Computer and Communications Security},
  pages={15--29},
  year={2014},
  organization={ACM},
  url={http://arxiv.org/pdf/1405.7418.pdf}
}

@inproceedings{eyal2014majority,
  title={Majority is not enough: Bitcoin mining is vulnerable},
  author={Eyal, Ittay and Sirer, Emin G{\"u}n},
  booktitle={Financial Cryptography and Data Security},
  pages={436--454},
  year={2014},
  publisher={Springer},
  url={http://arxiv.org/pdf/1311.0243}
}

@inproceedings{ruffing2014coinshuffle,
  title={CoinShuffle: Practical decentralized coin mixing for Bitcoin},
  author={Ruffing, Tim and Moreno-Sanchez, Pedro and Kate, Aniket},
  booktitle={Computer Security-ESORICS 2014},
  pages={345--364},
  year={2014},
  publisher={Springer},
  url={http://crypsys.mmci.uni-saarland.de/projects/CoinShuffle/coinshuffle.pdf}
}

@inproceedings{huang2014botcoin,
  title={Botcoin: Monetizing Stolen Cycles.},
  author={Huang, Danny Yuxing and Dharmdasani, Hitesh and Meiklejohn, Sarah and Dave, Vacha and Grier, Chris and McCoy, Damon and Savage, Stefan and Weaver, Nicholas and Snoeren, Alex C and Levchenko, Kirill},
  booktitle={NDSS},
  year={2014},
  url={https://www.cs.gmu.edu/~mccoy/papers/botcoin-ndss14.pdf}
}

@inproceedings{mostefaoui2014signature,
  title={Signature-free asynchronous Byzantine consensus with t< n/3 and O (n 2) messages},
  author={Mostefaoui, Achour and Moumen, Hamouma and Raynal, Michel},
  booktitle={Proceedings of the 2014 ACM symposium on Principles of distributed computing},
  pages={2--9},
  year={2014},
  organization={ACM},
  url={https://hal.inria.fr/file/index/docid/944816/filename/RR-2016-Consensus-optimal-V5.pdf}
}

@inproceedings{garman2013decentralized,
  title={Decentralized Anonymous Credentials.},
  author={Garman, Christina and Green, Matthew and Miers, Ian},
  booktitle={NDSS},
  year={2014},
  url={http://www.internetsociety.org/sites/default/files/07_3_1.pdf}
}

%biryukov2014bitcointor
@inproceedings{biryukov2015bitcoin,
  title={Bitcoin over Tor isn't a good idea},
  author={Biryukov, Alex and Pustogarov, Ivan},
  booktitle={Security and Privacy (SP), 2015 IEEE Symposium on},
  pages={122--134},
  year={2015},
  organization={IEEE},
  url={http://arxiv.org/pdf/1410.6079}
}

@inproceedings{saxena2014increasing,                                     
  title            = {Increasing Anonymity in Bitcoin},                       
  Author           = {Saxena, Amitabh and Misra, Janardan and Dhar, Aritra}, 
  Booktitle        = {Financial Cryptography and Data Security},          
  Pages            = {122--139},                                              
  Publisher        = {Springer},                                          
  Year             = {2014},
  url={http://fc14.ifca.ai/bitcoin/papers/bitcoin14_submission_19.pdf}
}

@inproceedings{miller2014permacoin,
  title={Permacoin: Repurposing bitcoin work for data preservation},
  author={Miller, Andrew and Juels, Ari and Shi, Elaine and Parno, Bryan and Katz, Jonathan},
  booktitle={Security and Privacy (SP), 2014 IEEE Symposium on},
  pages={475--490},
  year={2014},
  organization={IEEE},
  url={http://cs.umd.edu/~amiller/permacoin.pdf}
}

@inproceedings{bonneau2014fawkescoin,
  title={Fawkescoin: Bitcoin without public-key crypto},
  author={Bonneau, Joseph and Miller, Andrew},
  booktitle={Security Protocols XXII},
  pages={350--358},
  year={2014},
  publisher={Springer},
  url={http://www.jbonneau.com/doc/BM14-SPW-fawkescoin.pdf}
}

@inproceedings{bonneau2014mixcoin,
  title={Mixcoin: Anonymity for Bitcoin with accountable mixes},
  author={Bonneau, Joseph and Narayanan, Arvind and Miller, Andrew and Clark, Jeremy and Kroll, Joshua A and Felten, Edward W},
  booktitle={Financial Cryptography and Data Security},
  pages={486--504},
  year={2014},
  publisher={Springer},
  url={http://eprint.iacr.org/2014/077.pdf}
}

@inproceedings{jansen2014onions,
  title={From onions to shallots: Rewarding Tor relays with TEARS},
  author={Jansen, Rob and Miller, Andrew and Syverson, Paul and Ford, Bryan},
  booktitle={HotPETs},
  year={2014},
  url={http://www.dtic.mil/cgi-bin/GetTRDoc?AD=ADA623492}
}

@inproceedings{gervais2014privacy,
  title={On the privacy provisions of bloom filters in lightweight bitcoin clients},
  author={Gervais, Arthur and Capkun, Srdjan and Karame, Ghassan O and Gruber, Damian},
  booktitle={Proceedings of the 30th Annual Computer Security Applications Conference},
  pages={326--335},
  year={2014},
  organization={ACM},
  url={http://eprint.iacr.org/2014/763.pdf}
}

@inproceedings{gervais2014bitcoin,
  title={Is Bitcoin a decentralized currency?},
  author={Gervais, Arthur and Karame, Ghassan and Capkun, Srdjan and Capkun, Vedran},
  journal={IEEE security \& privacy},
  volume={12},
  number={3},
  pages={54--60},
  year={2014},
  url={https://eprint.iacr.org/2013/829.pdf}
}

@inproceedings{kumaresan2014use,
  title={How to use bitcoin to incentivize correct computations},
  author={Kumaresan, Ranjit and Bentov, Iddo},
  booktitle={Proceedings of the 2014 ACM SIGSAC Conference on Computer and Communications Security},
  pages={30--41},
  year={2014},
  organization={ACM},
  url={http://www.cs.technion.ac.il/~idddo/incentivesBitcoin.pdf}
}

@inproceedings{van2014versum,
  title={Versum: Verifiable computations over large public logs},
  author={van den Hooff, Jelle and Kaashoek, M Frans and Zeldovich, Nickolai},
  booktitle={Proceedings of the 2014 ACM SIGSAC Conference on Computer and Communications Security},
  pages={1304--1316},
  year={2014},
  organization={ACM},
  url={http://people.csail.mit.edu/nickolai/papers/vandenhooff-versum.pdf}
}

@inproceedings{andrychowicz2014modeling,
  title={Modeling bitcoin contracts by timed automata},
  author={Andrychowicz, Marcin and Dziembowski, Stefan and Malinowski, Daniel and Mazurek, {\L}ukasz},
  booktitle={Formal Modeling and Analysis of Timed Systems},
  pages={7--22},
  year={2014},
  publisher={Springer},
  url={http://arxiv.org/pdf/1405.1861}
}

@inproceedings{decker2014bitcoin,
  title={Bitcoin transaction malleability and MtGox},
  author={Decker, Christian and Wattenhofer, Roger},
  booktitle={Computer Security-ESORICS 2014},
  pages={313--326},
  year={2014},
  publisher={Springer},
  url={http://www.tik.ee.ethz.ch/file/7e4a7f3f2991784786037285f4876f5c/malleability.pdf}
}

@inproceedings{bentov2014use,
  title={How to use bitcoin to design fair protocols},
  author={Bentov, Iddo and Kumaresan, Ranjit},
  booktitle={Advances in Cryptology--CRYPTO 2014},
  pages={421--439},
  year={2014},
  publisher={Springer},
  url={http://eprint.iacr.org/2014/129.pdf}
}

@article{ghosh2014torpath,
  title={A TorPath to TorCoin: Proofof-bandwidth altcoins for compensating relays},
  author={Ghosh, Mainak and Ford, B and Richardson, M},
  year={2014},
  booktitle={HotPETs},
  url={https://petsymposium.org/2014/papers/Ghosh.pdf}
}

@inproceedings{andrychowicz2014secure,
  title={Secure multiparty computations on bitcoin},
  author={Andrychowicz, Marcin and Dziembowski, Stefan and Malinowski, Daniel and Mazurek, Lukasz},
  booktitle={Security and Privacy (SP), 2014 IEEE Symposium on},
  pages={443--458},
  year={2014},
  organization={IEEE},
  url={https://eprint.iacr.org/2013/784.pdf}
}

@inproceedings{ongaro2014search,
  title={In search of an understandable consensus algorithm},
  author={Ongaro, Diego and Ousterhout, John},
  booktitle={2014 USENIX Annual Technical Conference (USENIX ATC 14)},
  pages={305--319},
  year={2014},
  url={https://www.usenix.org/system/files/conference/atc14/atc14-paper-ongaro.pdf}
}

@article{bentov2014proof,
  title={Proof of Activity: Extending Bitcoin's Proof of Work via Proof of Stake [Extended Abstract] y},
  author={Bentov, Iddo and Lee, Charles and Mizrahi, Alex and Rosenfeld, Meni},
  journal={ACM SIGMETRICS Performance Evaluation Review},
  volume={42},
  number={3},
  pages={34--37},
  year={2014},
  publisher={ACM},
  url = {http://eprint.iacr.org/2014/452.pdf}
}

@inproceedings{johnson2014game,
  title={Game-theoretic analysis of DDoS attacks against Bitcoin mining pools},
  author={Johnson, Benjamin and Laszka, Aron and Grossklags, Jens and Vasek, Marie and Moore, Tyler},
  booktitle={International Conference on Financial Cryptography and Data Security},
  pages={72--86},
  year={2014},
  organization={Springer},
  url={http://photon.hu/~laszka/papers/johnson2014game.pdf}
}

@inproceedings{vasek2014empirical,
  title={Empirical analysis of denial-of-service attacks in the Bitcoin ecosystem},
  author={Vasek, Marie and Thornton, Micah and Moore, Tyler},
  booktitle={International Conference on Financial Cryptography and Data Security},
  pages={57--71},
  year={2014},
  organization={Springer},
  url={http://secon.utulsa.edu/vasek/vasekbtc14.pdf}
}

@article{groza2014cryptographic,
  title={Cryptographic puzzles and dos resilience, revisited},
  author={Groza, Bogdan and Warinschi, Bogdan},
  journal={Designs, Codes and Cryptography},
  volume={73},
  number={1},
  pages={177--207},
  year={2014},
  publisher={Springer},
  url={https://pdfs.semanticscholar.org/b823/a21ffc69e02d2913d112c8ab733629639577.pdf}
}

% 2015  

@article{yelowitz2015characteristics,
  title={Characteristics of Bitcoin users: an analysis of Google search data},
  author={Yelowitz, Aaron and Wilson, Matthew},
  journal={Applied Economics Letters},
  volume={22},
  number={13},
  pages={1030--1036},
  year={2015},
  publisher={Taylor \& Francis},
  url={http://www.yelowitz.com/Yelowitz_Wilson_AEL_2015.pdf}
}

@inproceedings{miller2015shadow,
  title={Shadow-Bitcoin: scalable simulation via direct execution of multi-threaded applications},
  author={Miller, Andrew and Jansen, Rob},
  booktitle={8th Workshop on Cyber Security Experimentation and Test (CSET 15)},
  year={2015},
  url={https://www.usenix.org/system/files/conference/cset15/cset15-miller.pdf}
}

%garay2015bitcoinbackbone
@inproceedings{garay2015bitcoin,
  title={The bitcoin backbone protocol: Analysis and applications},
  author={Garay, Juan and Kiayias, Aggelos and Leonardos, Nikos},
  booktitle={Advances in Cryptology-EUROCRYPT 2015},
  pages={281--310},
  year={2015},
  publisher={Springer},
  url={http://courses.cs.washington.edu/courses/cse454/15wi/papers/bitcoin-765.pdf}
}

@inproceedings{lewenberg2015inclusive,
  title={Inclusive block chain protocols},
  author={Lewenberg, Yoad and Sompolinsky, Yonatan and Zohar, Aviv},
  booktitle={Financial Cryptography and Data Security},
  pages={528--547},
  year={2015},
  publisher={Springer},
  url={http://www.cs.huji.ac.il/~avivz/pubs/15/inclusive_btc_full.pdf}
}

%bonneau2015bitcoinsok
@inproceedings{bonneau2015research,
  title         = {SoK: Research Perspectives and Challenges for Bitcoin and Cryptocurrencies},
  author        = {Bonneau, Joseph and Miller, Andrew and Clark, Jeremy and Narayanan, Arvind and Kroll, Joshua A and Felten, Edward W},
  booktitle     = {IEEE Symposium on Security and Privacy},
  year          = {2015},
  url={http://www.ieee-security.org/TC/SP2015/papers-archived/6949a104.pdf}
}

%tschorsch2015beyond
@inproceedings{tschorsch2015bitcoin, 
  title={Bitcoin and Beyond: A Technical Survey on Decentralized Digital Currencies}, 
  author={Tschorsch, Florian and Scheuermann, Bj{\"o}rn},
  booktitle={IEEE Communications Surveys Tutorials}, 
  year={2016}, 
  volume={PP}, 
  number={99}, 
  pages={1-1}, 
  keywords={Contracts;Cryptography;Internet;Online banking;Protocols;Space exploration;Tutorials}, 
  doi={10.1109/COMST.2016.2535718}, 
  ISSN={1553-877X}, 
  url={https://eprint.iacr.org/2015/464.pdf}
}

%mann2014twofactor
@inproceedings{mann2015two,
  title={Two-factor authentication for the Bitcoin protocol},
  author={Mann, Christopher and Loebenberger, Daniel},
  booktitle={Security and Trust Management},
  pages={155--171},
  year={2015},
  publisher={Springer},
  url= {https://eprint.iacr.org/2014/629.pdf}
}

@inproceedings{melara2015keytransparency,
  author = {Marcela S. Melara and Aaron Blankstein and Joseph Bonneau and Edward W. Felten and Michael J. Freedman},
  title = {Bringing Deployable Key Transparency to End Users},
  booktitle = {24th USENIX Security Symposium (USENIX Security 15)},
  year = {2015},
  month = {Aug},
  address = {Washington, D.C.},
  publisher = {USENIX Association},
  url  = {https://www.usenix.org/system/files/conference/usenixsecurity15/sec15-paper-melara.pdf}
}

@inproceedings{kalodner2015namecoinempirical,
  title = {An empirical study of Namecoin and lessons for decentralized namespace design},
  author = {Harry Kalodner and Miles Carlsten and Paul Ellenbogen and Joseph Bonneau and Arvind Narayanan},
  year = {2015},
  booktitle = {WEIS},
  url = {http://randomwalker.info/publications/namespaces.pdf}
}

@inproceedings{eskandari2015usability,
  title = {A first look at the usability of bitcoin key management},
  author = {Eskandari, Shayan and Barrera, David and Stobert, Elizabeth and Clark, Jeremy},
  booktitle = {Workshop on Usable Security (USEC)},
  year = {2015},
  url = {http://users.encs.concordia.ca/~clark/papers/2015_usec_full.pdf} 
}

@inproceedings{zyskind2015decentralizing,
  title={Decentralizing Privacy: Using Blockchain to Protect Personal Data},
  author={Zyskind, Guy and Nathan, Oz and Pentland, Alex'Sandy'},
  booktitle={Security and Privacy Workshops (SPW), 2015 IEEE},
  pages={180--184},
  year={2015},
  organization={IEEE},
  url={http://web.media.mit.edu/~guyzys/data/ZNP15.pdf}
}

%mcreynolds2015techpolicy
@inproceedings{mcreynolds2015cryptographic,
  title={Cryptographic Currencies from a Tech-Policy Perspective: Policy Issues and Technical Directions},
  author={McReynolds, Emily and Lerner, Adam and Scott, Will and Roesner, Franziska and Kohno, Tadayoshi},
  booktitle={Financial Cryptography and Data Security},
  pages={94--111},
  year={2015},
  publisher={Springer},
  url={http://fc15.ifca.ai/preproceedings/bitcoin/paper_16.pdf}
}

@inproceedings{ali2015zombiecoin,
  title={ZombieCoin: powering next-generation botnets with bitcoin},
  author={Ali, Syed Taha and McCorry, Patrick and Lee, Peter Hyun-Jeen and Hao, Feng},
  booktitle={Financial Cryptography and Data Security},
  pages={34--48},
  year={2015},
  publisher={Springer},
  url={http://homepages.cs.ncl.ac.uk/feng.hao/files/zcoin-camera-ready.pdf}
}

@inproceedings{karame2015misbehavior,
  title={Misbehavior in Bitcoin: A Study of Double-Spending and Accountability},
  author={Karame, Ghassan O and Androulaki, Elli and Roeschlin, Marc and Gervais, Arthur and {\v{C}}apkun, Srdjan},
  journal={ACM Transactions on Information and System Security (TISSEC)},
  volume={18},
  number={1},
  pages={2},
  year={2015},
  publisher={ACM},
  url={http://www.syssec.ethz.ch/content/dam/ethz/special-interest/infk/inst-infsec/system-security-group-dam/research/publications/pub2015/tissec15_karame.pdf}
}

@inproceedings{dagher2015provisions,
  title={Provisions: Privacy-preserving proofs of solvency for Bitcoin exchanges},
  author={Dagher, Gaby G and B{\"u}nz, Benedikt and Bonneau, Joseph and Clark, Jeremy and Boneh, Dan},
  booktitle={Proceedings of the 22nd ACM SIGSAC Conference on Computer and Communications Security},
  pages={720--731},
  year={2015},
  organization={ACM},
  url={http://users.encs.concordia.ca/~clark/papers/2015_ccs.pdf}
}

@inproceedings{ruffing2015liar,
  title={Liar, Liar, Coins on Fire!: Penalizing Equivocation By Loss of Bitcoins},
  author={Ruffing, Tim and Kate, Aniket and Schr{\"o}der, Dominique},
  booktitle={Proceedings of the 22nd ACM SIGSAC Conference on Computer and Communications Security},
  pages={219--230},
  year={2015},
  organization={ACM},
  url={https://people.mmci.uni-saarland.de/~aniket/publications/Non-equivocationWithBitcoinPenalties.pdf}
}

@inproceedings{kumaresan2015poker,
  title={How to Use Bitcoin to Play Decentralized Poker},
  author={Kumaresan, Ranjit and Moran, Tal and Bentov, Iddo},
  booktitle={Proceedings of the 22nd ACM SIGSAC Conference on Computer and Communications Security},
  pages={195--206},
  year={2015},
  organization={ACM},
  url={http://people.csail.mit.edu/ranjit/papers/poker.pdf}
}

@inproceedings{pass2015micropayments,
  title={Micropayments for Decentralized Currencies},
  author={Pass, Rafael and others},
  booktitle={Proceedings of the 22nd ACM SIGSAC Conference on Computer and Communications Security},
  pages={207--218},
  year={2015},
  organization={ACM},
  url={http://www.initc3.org/files/micropay2.pdf}
}

@inproceedings{miller2015nonoutsourceable,
  title={Nonoutsourceable Scratch-Off Puzzles to Discourage Bitcoin Mining Coalitions},
  author={Miller, Andrew and Kosba, Ahmed and Katz, Jonathan and Shi, Elaine},
  booktitle={Proceedings of the 22nd ACM SIGSAC Conference on Computer and Communications Security},
  pages={680--691},
  year={2015},
  organization={ACM},
  url={https://cs.umd.edu/~amiller/nonoutsourceable_full.pdf}
}

@inproceedings{gervais2015tampering,
  title={Tampering with the Delivery of Blocks and Transactions in Bitcoin},
  author={Gervais, Arthur and Ritzdorf, Hubert and Karame, Ghassan O and Capkun, Srdjan},
  booktitle={Proceedings of the 22nd ACM SIGSAC Conference on Computer and Communications Security},
  pages={692--705},
  year={2015},
  organization={ACM},
  url={https://eprint.iacr.org/2015/578.pdf}
}

%decker2015transparent
@inproceedings{decker2015making,
  title={Making Bitcoin Exchanges Transparent},
  author={Decker, Christian and Guthrie, James and Seidel, Jochen and Wattenhofer, Roger},
  booktitle={Computer Security--ESORICS 2015},
  pages={561--576},
  year={2015},
  publisher={Springer},
  url={http://www.tik.ee.ethz.ch/file/b89cb24ad2fa4e7ef01426d318c9b98b/decker2015making.pdf}
}

@inproceedings{andrychowicz2015pow,
  title={PoW-Based Distributed Cryptography with No Trusted Setup},
  author={Andrychowicz, Marcin and Dziembowski, Stefan},
  booktitle={Advances in Cryptology--CRYPTO 2015},
  pages={379--399},
  year={2015},
  publisher={Springer},
  url={http://eprint.iacr.org/2014/796.pdf}
}

@inproceedings{zohar2015bitcoin,
  title={Bitcoin: under the hood},
  author={Zohar, Aviv},
  journal={Communications of the ACM},
  volume={58},
  number={9},
  pages={104--113},
  year={2015},
  publisher={ACM},
  url={http://users.encs.concordia.ca/~clark/biblio/bitcoin/Zohar%202015.pdf}
}

@inproceedings{gutoski2015hierarchical,
  title={Hierarchical deterministic Bitcoin wallets that tolerate key leakage (short paper)},
  author={Gutoski, Gus and Stebila, Douglas},
  booktitle={Proceedings of the 19th International Conference on Financial Cryptography and Data Security (FC 2015)},
  year={2015},
  organization={Springer},
  url={http://fc15.ifca.ai/preproceedings/paper_15.pdf}
}

@inproceedings{wilson2015pretty,
  title={From Pretty Good to Great: Enhancing PGP Using Bitcoin and the Blockchain},
  author={Wilson, Duane and Ateniese, Giuseppe},
  booktitle={Network and System Security},
  pages={368--375},
  year={2015},
  publisher={Springer},
  url={http://arxiv.org/pdf/1508.04868}
}

@inproceedings{soska2015measuring,
  title={Measuring the longitudinal evolution of the online anonymous marketplace ecosystem},
  author={Soska, Kyle and Christin, Nicolas},
  booktitle={24th USENIX Security Symposium (USENIX Security 15)},
  pages={33--48},
  year={2015},
  url={https://www.usenix.org/system/files/conference/usenixsecurity15/sec15-paper-soska.pdf}
}

@inproceedings{heilman2015eclipse,
  title={Eclipse Attacks on Bitcoin's Peer-to-Peer Network},
  author={Heilman, Ethan and Kendler, Alison and Zohar, Aviv and Goldberg, Sharon},
  booktitle={24th USENIX Security Symposium (USENIX Security 15)},
  pages={129--144},
  year={2015},
  url={https://www.usenix.org/system/files/conference/usenixsecurity15/sec15-paper-heilman.pdf}
}

@inproceedings{eyal2015miner,
  title={The miner's dilemma},
  author={Eyal, Ittay},
  booktitle={Security and Privacy (SP), 2015 IEEE Symposium on},
  pages={89--103},
  year={2015},
  organization={IEEE},
  url={http://arxiv.org/pdf/1411.7099}
}

@inproceedings{vasek2015there,
  title={There's No Free Lunch, Even Using Bitcoin: Tracking the Popularity and Profits of Virtual Currency Scams},
  author={Vasek, Marie and Moore, Tyler},
  booktitle={Financial Cryptography and Data Security},
  pages={44--61},
  year={2015},
  publisher={Springer},
  url={http://secon.utulsa.edu/vasek/vasekfc15.pdf}
}

@inproceedings{sompolinsky2015secure,
  title={Secure high-rate transaction processing in Bitcoin},
  author={Sompolinsky, Yonatan and Zohar, Aviv},
  booktitle={Financial Cryptography and Data Security},
  pages={507--527},
  year={2015},
  publisher={Springer},
  url={http://www.cs.huji.ac.il/~avivz/pubs/15/btc_ghost_full.pdf}
}

@inproceedings{lewenberg2015bitcoin,
  title={Bitcoin mining pools: A cooperative game theoretic analysis},
  author={Lewenberg, Yoad and Bachrach, Yoram and Sompolinsky, Yonatan and Zohar, Aviv and Rosenschein, Jeffrey S},
  booktitle={Proceedings of the 2015 International Conference on Autonomous Agents and Multiagent Systems},
  pages={919--927},
  year={2015},
  organization={International Foundation for Autonomous Agents and Multiagent Systems},
  url = {http://www.cs.huji.ac.il/~avivz/pubs/15/fp245-lewenbergA.pdf}
}

@inproceedings{vukolic2015quest,
  title={The quest for scalable blockchain fabric: Proof-of-work vs. BFT replication},
  author={Vukoli{\'c}, Marko},
  booktitle={International Workshop on Open Problems in Network Security},
  pages={112--125},
  year={2015},
  organization={Springer},
  url={http://vukolic.com/iNetSec_2015.pdf}
}

@inproceedings{luu2015demystifying,
  title={Demystifying incentives in the consensus computer},
  author={Luu, Loi and Teutsch, Jason and Kulkarni, Raghav and Saxena, Prateek},
  booktitle={Proceedings of the 22nd ACM SIGSAC Conference on Computer and Communications Security},
  pages={706--719},
  year={2015},
  organization={ACM},
  url={http://www.comp.nus.edu.sg/~prateeks/papers/VeriEther.pdf}
}

% 2016  

@inproceedings{danezis2015centrally,
  title={Centrally Banked Cryptocurrencies},
  author={Danezis, George and Meiklejohn, Sarah},
  booktitle={Network and Distributed System Security},
  publisher={The Internet Society},
  year={2016},
  url={http://arxiv.org/pdf/1505.06895}
}

@inproceedings{bonneau2016buy,
	title={Why buy when you can rent? Bribery attacks on Bitcoin consensus},
	booktitle="BITCOIN '16: Proceedings of the 3rd Workshop on Bitcoin and Blockchain Research",
	author="Joseph Bonneau",
	month="February",
	year="2016",
    url={http://fc16.ifca.ai/bitcoin/papers/Bon16b.pdf}
}

@inproceedings{krombholz2016other, 
  Author = {Katharina Krombholz and Aljosha Judmayer and Matthias Gusenbauer and {Edgar R.} Weippl}, 
  title = {The Other Side of the Coin: User Experiences with Bitcoin Security and Privacy}, 
  booktitle = {International Conference on Financial Cryptography and Data Security (FC)}, 
  year = {2016}, 
  month = {2},
  url={https://www.sba-research.org/wp-content/uploads/publications/TheOtherSideOfTheCoin_FC16preConf.pdf}
}

@inproceedings{kosba2016hawk,
  title={Hawk: The blockchain model of cryptography and privacy-preserving smart contracts},
  author={Kosba, Ahmed and Miller, Andrew and Shi, Elaine and Wen, Zikai and Papamanthou, Charalampos},
  booktitle={Symposium on Security \& Privacy},
  publisher={IEEE},
  year={2016},
  url={http://eprint.iacr.org/2015/675.pdf},
}

@inproceedings{croman2016scaling,
  title={On Scaling Decentralized Blockchains},
  author={Croman, Kyle and Decker, Christian and Eyal, Ittay and Gencer, Adem Efe and Juels, Ari and Kosba, Ahmed and Miller, Andrew and Saxena, Prateek and Shi, Elaine and G{\"u}n, Emin},
  booktitle={3rd Workshop on Bitcoin and Blockchain Research, Financial Cryptography 16},
  year={2016},
  url={http://www.tik.ee.ethz.ch/file/74bc987e6ab4a8478c04950616612f69/main.pdf}
}

@inproceedings{bonneau2016ethiks,
  title={EthIKS: Using Ethereum to audit a CONIKS key transparency log},
  author={Bonneau, Joseph},
  booktitle={3rd Workshop on Bitcoin and Blockchain Research, Financial Cryptography 16},
  year={2016},
  url={http://fc16.ifca.ai/bitcoin/papers/Bon16a.pdf}
}

@inproceedings{vasek2016bitcoin,
  title={The Bitcoin Brain Drain: Examining the Use and Abuse of Bitcoin Brain Wallets},
  author={Marie Vasek and Joseph Bonneau and Ryan Castellucci and Cameron Keith and Tyler Moore},
  booktitle={FC '16: Proceedings of the the 20th International Conference on Financial Cryptography},
  month={February},
  year={2016},
  url={http://www.jbonneau.com/doc/VBCKM16-FC-bitcoin_brain_wallets.pdf},
}

@inproceedings{moeser2016bitcoin,
  title={Bitcoin Covenants},
  author={M{\"o}ser, Malte and Eyal, Ittay and Sirer, Emin G{\"u}n},
  booktitle={FC '16: Proceedings of the the 20th International Conference on Financial Cryptography},
  month={February},
  year={2016},
  url={http://fc16.ifca.ai/bitcoin/papers/MES16.pdf},
}

@inproceedings{schrijvers2016incentive,
	title={Incentive Compatibility of Bitcoin Mining Pool Reward Functions},
	author={Okke Schrijvers and Joseph Bonneau and Dan Boneh and Tim Roughgarden},
	booktitle={FC '16: Proceedings of the the 20th International Conference on Financial Cryptography},
	month={February},
	year={2016},
	url={http://www.jbonneau.com/doc/SBBR16-FC-mining_pool_reward_incentive_compatibility.pdf},
}

@inproceedings{nayak2015stubborn,
  title={Stubborn mining: Generalizing selfish mining and combining with an eclipse attack},
  author={Nayak, Kartik and Kumar, Srijan and Miller, Andrew and Shi, Elaine},
  booktitle={1st IEEE European Symposium on Security and Privacy, 2016},
  year={2016},
  publisher={IEEE},
  url={http://eprint.iacr.org/2015/796.pdf}
}

@inproceedings{eyal2016bitcoinng,
  author = {Eyal, Ittay and Gencer, Adem Efe and Sirer, Emin Gun and van Renesse, Robbert},
  title = {Bitcoin-NG: A Scalable Blockchain Protocol},
  booktitle = {13th USENIX Security Symposium on Networked Systems Design and Implementation (NSDI'16)},
  year = {2016},
  month = {Mar},
  publisher = {USENIX Association},
  url  = {http://www.usenix.org/system/files/conference/nsdi16/nsdi16-paper-eyal.pdf}
}

@inproceedings {kokoris2016enhancing,
  author = {Eleftherios Kokoris Kogias and Philipp Jovanovic and Nicolas Gailly and Ismail Khoffi and Linus Gasser and Bryan Ford},
  title = {Enhancing Bitcoin Security and Performance with Strong Consistency via Collective Signing},
  booktitle = {25th USENIX Security Symposium (USENIX Security 16)},
  year = {2016},
  month = Aug,
  address = {Austin, TX},
  url = {http://arxiv.org/pdf/1602.06997.pdf},
  publisher = {USENIX Association},
}

@inproceedings{kraft2016difficulty,
  title={Difficutly Control for Blockchain-Based Consensus Systems},
  author={Kraft, Daniel},
  journal={Peer-to-Peer Networking and Applications},
  volume={9},
  number={2},
  pages={397--413},
  year={2016},
  doi={10.1007/s12083-015-0347-x},
  url={https://www.domob.eu/research/DifficultyControl.pdf},
}

@inproceedings{luu2016making,
  title={Making Smart Contracts Smarter},
  author={Luu, Loi and Chu, Duc-Hiep and Olickel, Hrishi and Saxena, Prateek and Hobor, Aquinas},
  booktitle = {23rd ACM Conference on Computer and Communications Security (ACM CCS 2016)},
  year={2016},
  month= {Oct},
  url={https://eprint.iacr.org/2016/633.pdf}
}

@inproceedings{idelberger2016evaluation,
  title={Evaluation of Logic-Based Smart Contracts for Blockchain Systems},
  author={Idelberger, Florian and Governatori, Guido and Riveret, R{\'e}gis and Sartor, Giovanni},
  booktitle={International Symposium on Rules and Rule Markup Languages for the Semantic Web},
  pages={167--183},
  year={2016},
  organization={Springer},
  url={https://regisriveretdotorg.files.wordpress.com/2015/11/smart_ruleml.pdf}
}

@inproceedings{kiayias2016fair,
  title={Fair and robust multi-party computation using a global transaction ledger},
  author={Kiayias, Aggelos and Zhou, Hong-Sheng and Zikas, Vassilis},
  booktitle={Annual International Conference on the Theory and Applications of Cryptographic Techniques},
  pages={705--734},
  year={2016},
  organization={Springer},
  url={https://eprint.iacr.org/2015/574.pdf}
}

@inproceedings{marino2016setting,
  title={Setting Standards for Altering and Undoing Smart Contracts},
  author={Marino, Bill and Juels, Ari},
  booktitle={International Symposium on Rules and Rule Markup Languages for the Semantic Web},
  pages={151--166},
  year={2016},
  organization={Springer},
  url={http://www.arijuels.com/wp-content/uploads/2016/06/Setting-Standards-for-Altering-and-Undoing-Smart-Contracts.docx}
}


@inproceedings{rasmussen2016bitcoin,
  title = "On Bitcoin Security in the Presence of Broken Cryptographic Primitives",
  author = "Giechaskiel, Ilias and Cremers, Cas and Rasmussen, Kasper B.",
  year = "2016",
  booktitle = "European Symposium on Research in Computer Security ({ESORICS})",
  month = "September",
  url={http://eprint.iacr.org/2016/167.pdf}
}

@misc{park2015spacemint,
    author = {Sunoo Park and Krzysztof Pietrzak and Albert Kwon and Joël Alwen and Georg Fuchsbauer and Peter Gaži},
    title = {SpaceMint: A Cryptocurrency Based on Proofs of Space},
    howpublished = {Cryptology ePrint Archive, Report 2015/528},
    year = {2015},
    note = {\url{http://eprint.iacr.org/2015/528}},
}
@misc{heilman2016tumblebit,
    author = {Ethan Heilman and Leen Alshenibr and Foteini Baldimtsi and Alessandra Scafuro and Sharon Goldberg},
    title = {TumbleBit: An Untrusted Bitcoin-Compatible Anonymous Payment Hub},
    howpublished = {Cryptology ePrint Archive, Report 2016/575},
    year = {2016},
    note = {\url{http://eprint.iacr.org/2016/575}},
}

@article{moreno2016coinshufflePP,
  title={{P2P Mixing and Unlinkable P2P Transactions}},
  author={Moreno-Sanchez, Pedro and Ruffing, Tim and Kate, Aniket},
  journal = {Draft},
  year = {2016},
  month = {June},
}