@inproceedings{Carlsten:2016:IBW:2976749.2978408,
 author = {Carlsten, Miles and Kalodner, Harry and Weinberg, S. Matthew and Narayanan, Arvind},
 title = {On the Instability of Bitcoin Without the Block Reward},
 booktitle = {Proceedings of the 2016 ACM SIGSAC Conference on Computer and Communications Security},
 series = {CCS '16},
 year = {2016},
 isbn = {978-1-4503-4139-4},
 location = {Vienna, Austria},
 pages = {154--167},
 numpages = {14},
 url = {http://doi.acm.org/10.1145/2976749.2978408},
 doi = {10.1145/2976749.2978408},
 acmid = {2978408},
 publisher = {ACM},
 address = {New York, NY, USA},
 keywords = {bitcoin, cryptocurrencies, equilibrium, game theory, learning, selfish mining, simulator},
} 